2438 3846
134 174 185 230 AD
200 173 377 233 snustM
390 173 439 229 DE
453 173 777 240 TRANQVILLITATE
788 175 900 254 ,ΑΝἹΜΙ
914 174 990 231 cAP.
1001 181 1053 233 Μ
1088 178 1153 248 257

133 342 219 386 nora
241 319 411 406 occupatio
429 319 663 405 multiplexque
679 323 843 405 nascetur,
863 341 924 386 nec
941 321 1156 388 accedendum

134 431 186 494 eo,
209 410 294 476 unde
316 411 399 476 liber
420 430 584 495 regressus
602 431 670 474 non
687 409 743 493 sit3
766 409 806 474 iis
824 409 1023 475 admovenda
1042 433 1155 477 manus

134 503 196 583 est,
221 520 359 584 quorum
381 499 480 564 finem
502 500 558 563 aut
580 495 685 564 facere
708 502 765 564 aut
787 503 873 565 certe
894 517 1021 583 sperare
1040 499 1157 585 possis,

133 587 357 673 relinquenda,
389 609 471 670 quae
496 587 594 653 latius
622 592 697 653 actu
719 587 899 672 procedunt
920 609 980 655 nec
1002 589 1060 654 ubi
1082 610 1156 674 pro·

102 698 115 739 s
133 677 279 761 posueris
303 677 461 744 desinunt.
1009 675 1010 680 ’

223 781 294 849 VH.
333 781 513 849 Hominum
539 782 652 866 utique
675 782 811 848 dilectus
834 783 1000 849 habendus
1023 786 1085 848 est:
1112 805 1155 848 an
1174 802 1189 856 1

133 870 225 958 digni
256 873 322 937 sint
354 871 471 957 quibus
503 875 628 955 partem
660 873 746 937 vitae
776 875 906 938 nostrae
932 871 1155 957 inpendemus,

133 982 175 1024 an
202 960 243 1026 ad
270 961 344 1026 illos
367 960 523 1045 temporis
544 961 649 1026 nostri
671 960 794 1027 iactura
816 961 994 1046 perveniat;
1023 959 1154 1046 quidam

132 1049 218 1114 enim
240 1051 326 1115 ultro
351 1049 459 1115 officia
480 1050 574 1115 nobis
597 1054 708 1116 nostra
730 1051 889 1135 inputant
924 1050 1153 1117 Athenodorus
1172 1070 1188 1118 a

87 1161 114 1201 ro
133 1139 179 1203 ait
205 1160 246 1204 ne
273 1138 315 1204 ad
342 1161 455 1205 cenam
477 1138 608 1223 quidem
631 1161 665 1204 se
687 1139 808 1205 iturum
832 1139 873 1205 ad
895 1163 984 1224 eum,
1013 1140 1069 1225 qui
1092 1140 1155 1205 sibi

132 1227 181 1291 nil
202 1249 262 1311 pro
285 1229 349 1294 hoc
372 1227 537 1293 debiturus
562 1228 617 1294 sit:
640 1233 721 1313 puto
744 1228 905 1316 intellegis
924 1231 1027 1294 multo
1046 1230 1153 1295 minus

132 1315 173 1381 ad
196 1338 251 1382 eos
274 1317 408 1400 iturum,
432 1317 489 1401 qui
512 1339 586 1383 oum
604 1317 781 1384 amicorum
800 1317 917 1384 officiis
935 1319 1026 1403 paria
1043 1340 1155 1384 mensa

131 1404 269 1490 faciunt,
293 1408 349 1490 qui
372 1406 506 1472 fericula
528 1429 595 1491 pro
612 1407 773 1494 congiaris
795 1412 978 1492 numerant,
1004 1409 1097 1491 quasi
1119 1408 1154 1472 in

132 1494 273 1560 alienum
295 1496 452 1561 honorem
476 1496 726 1580 intemperantes
750 1497 828 1562 sint:
853 1496 944 1562 deme
967 1498 1032 1562 illis
1055 1500 1153 1563 testes

87 1604 113 1646 ro
132 1588 406 1669 spectatoresque,
437 1606 505 1650 non
536 1584 710 1651 delectabit
740 1586 862 1671 popina
889 1589 1019 1652 secreta
1054 1587 1155 1652 *con-

131 1671 336 1741 siderandum
368 1678 430 1757 est,
462 1678 571 1743 utrum
603 1679 719 1740 natura
749 1679 806 1741 tua
833 1675 965 1762 agendis
992 1675 1088 1740 rebus
1111 1697 1154 1740 an

131 1761 238 1828 otioso
270 1763 378 1829 studio
411 1763 742 1849 contemplationique
768 1765 876 1849 aptior
902 1765 957 1848 sit,
990 1767 1022 1828 et
1045 1786 1083 1830 eo
1106 1764 1154 1828 in·

131 1850 327 1934 elinandum,
340 1856 452 1936 quote
467 1853 515 1918 ris
529 1852 652 1940 ingenii
665 1854 746 1919 feret
759 1889 804 1900 —
812 1851 968 1919 leocrates
983 1852 1153 1937 Ephorum

130 1938 249 2006 iniecta
280 1963 378 2006 menn
409 1965 429 2007 a
456 1941 531 2008 ‚foro
562 1942 716 2008 subduxit
738 1943 899 2008 utiliorem
923 1942 1152 2027 componendis

85 2050 113 2090 so
131 2031 349 2096 monumentis
364 2030 572 2096 historiarum
585 2035 674 2096 ratus
687 2054 745 2116 -3
762 2033 845 2098 male
860 2032 946 2097 enim
958 2032 1154 2115 respondent

131 2122 244 2184 coacta
274 2119 417 2206 ingenia,
448 2121 627 2187 reluctante
657 2123 773 2186 natura
804 2122 920 2187 inritus
951 2120 1044 2186 labor
1076 2118 1152 2184 est*

130 2207 213 2272 nihil
235 2212 345 2274 tamen
368 2231 468 2294 aeque
487 2210 696 2275 oblectaverit
714 2211 872 2295 animum,
896 2231 992 2294 quam
1011 2209 1187 2275 amicitias

130 2295 234 2362 fidelis
258 2302 291 2363 et
314 2297 424 2364 dulcis.
472 2302 629 2384 quantum
651 2300 773 2364 bonum
795 2304 858 2384 est,
884 2299 941 2363 ubi
963 2301 1153 2382 praeparata

131 2390 207 2451 sunt
237 2390 384 2472 pectora,
414 2388 450 2453 in
473 2409 555 2473 quae
577 2390 649 2454 tuto
673 2394 830 2454 secretum
854 2409 948 2453 omne
972 2386 1151 2470 descendat,

85 2493 112 2536 ss
131 2495 269 2559 quorum
284 2477 513 2543 conscientiam
531 2477 637 2543 minus
652 2499 749 2562 quam
763 2481 852 2542 tuam
866 2477 993 2558 timeas,
1013 2497 1151 2559 quorum

130 2584 235 2630 sermo
273 2566 524 2633 sollicitudinem
555 2565 668 2651 leniat,
706 2567 864 2633 sententia
896 2565 1067 2633 consilium
1099 2589 1152 2631 ex-

129 2653 251 2738 pediat,
288 2654 434 2723 hilaritas
471 2657 637 2723 tristitiam
674 2656 823 2742 dissipet,
858 2660 1050 2739 conspectus
1081 2655 1151 2739 ipse

130 2740 280 2809 delectati
326 2767 419 2829 quos
435 2745 558 2812 scilicet
585 2767 719 2831 vacuos,
746 2748 902 2830 quantum
929 2745 1000 2810 fieri
1022 2743 1151 2828 poterit,

219 2899 237 2954 4
256 2904 323 2956 actu
340 2901 383 2957 A¹
401 2918 434 2956 ac
453 2905 485 2957 tu
504 2902 547 2959 A·
563 2905 635 2959 mule
658 2901 669 2977 ll
693 2903 729 2958 12
752 2903 837 2959 adeos
856 2920 924 2960 corr.
944 2903 999 2958 oid.
1018 2905 1050 2958 in
1068 2905 1097 2959 A
1118 2919 1152 2958 cc

129 2969 230 3025 adeost
246 2971 257 3044 ll
274 2971 390 3028 15-21
408 2975 491 3030 verba
509 2973 750 3030 Considerandum
765 2977 808 3030 est
823 3018 829 3030 .
846 3019 852 3030 .
868 3018 874 3031 .
889 2975 991 3029 inritus
1004 2973 1087 3028 labor
1100 2977 1152 3034 est.

129 3043 303 3098 amiticia
320 3046 349 3100 A
368 3061 484 3113 prorsus
506 3046 599 3102 alieno
622 3047 679 3102 loeo
700 3047 835 3118 legantur,
855 3047 952 3102 Haase
969 3048 1001 3102 in
1019 3063 1078 3116 cap.
1094 3049 1152 3112 6,2

129 3117 302 3182 compescit
326 3117 399 3170 inter
422 3117 506 3171 verba
533 3120 599 3172 ants
625 3117 721 3173 omnia
745 3125 772 3173 ct
795 3134 909 3172 necesse
934 3118 977 3172 cst
1003 3134 1032 3172 ss
1058 3117 1069 3171 i
1090 3133 1151 3171 sum

129 3184 294 3252 aestimare,
318 3185 400 3241 Gertz
423 3188 598 3256 probabilius
618 3196 683 3258 post
704 3207 729 3244 c.
755 3188 896 3244 laborioso
920 3189 1025 3259 pressit
1049 3204 1066 3242 o
1099 3187 1151 3242 cio.

128 3260 246 3310 ceterum
264 3273 297 3311 ea
314 3257 433 3312 hicnon
449 3275 499 3313 suo
518 3259 576 3314 loco
594 3277 649 3315 esec
668 3260 878 3328 ‘quodammodo
895 3261 954 3315 iam
972 3262 1004 3314 irs
1019 3261 1079 3329 ipso
1092 3259 1151 3314 cod.

98 3363 101 3368 -
128 3326 157 3380 A
175 3341 205 3401 co
223 3327 405 3396 sipnificctur,
424 3329 496 3397 quod
519 3330 555 3384 at
576 3331 621 3385 sss
643 3331 732 3387 certis
751 3332 841 3400 spatio
859 3331 1003 3400 aliquanto
1021 3330 1057 3384 ct
1075 3336 1151 3384 cntr-

127 3395 285 3453 comestus
297 3398 395 3453 divtis
407 3415 481 3454 noca
494 3403 575 3470 quaa
587 3403 669 3458 sectio
682 3402 800 3472 incipit!
812 3400 823 3474 ll
842 3400 877 3456 18
889 3404 924 3456 ut
936 3407 1000 3457 calc
1014 3399 1152 3456 Isocrates

127 3467 287 3611 addendulps
314 3476 403 3526 caract
426 3470 507 3528 Gertz
532 3472 536 3545 Ι
568 3471 697 3529 Socrates
724 3472 876 3543 sephorum
907 3472 986 3528 lecta
1014 3487 1112 3525 mauu
1135 3472 1165 3520 A

127 3554 198 3596 corr.
216 3555 249 3596 co
279 3581 285 3594 .

175 3644 658 3702 srsrcrnornu1.1.cd11umss.
944 3649 984 3696 Ἢ
