2438 3846
94 156 160 222 336
289 155 319 211 a.
334 154 477 236 arram
495 154 660 210 sarucia
678 153 774 210 orac.
788 155 856 210 urs.
870 153 919 208 xr.

92 299 198 387 lugeri
226 301 325 366 vellet
354 323 396 367 an
422 300 487 366 coli
514 322 672 385 sororem,
702 299 815 366 eodem
844 299 934 366 omni
959 303 1118 386 tempore,

94 409 159 473 quo
190 390 314 474 templa
345 390 395 454 illi
427 390 645 456 constituebat
676 411 715 456 ac
745 388 940 476 pulvinaria,
973 409 1028 455 eos
1059 391 1118 474 qui

92 498 208 562 parum
231 479 346 545 maesti
368 480 510 564 fuerant,
534 478 759 546 crudelissima
780 479 952 545 adficiebat
974 479 1118 544 animad-

93 567 254 653 versione3
291 567 401 635 eadem
438 568 524 634 enim
559 568 748 653 intemperie
780 568 881 634 animi
912 566 1119 634 adversam

93 677 201 722 rerum
233 656 316 724 ictus
348 657 486 740 ferebat,
523 679 587 742 qua
618 655 831 724 secundarum
863 658 966 724 elatus
999 660 1118 723 eventu
1149 677 1161 720 s

59 757 192 830 osuper
222 745 400 812 humanum
431 746 668 813 intumescebat
698 745 840 812 modum.
885 747 1001 831 procul
1028 746 1118 813 istud

94 835 278 919 exemplum
301 836 342 901 ab
361 836 450 902 omni
468 834 616 901 Romano
636 835 679 902 sit
695 837 780 917 viro,
803 836 928 901 luctum
947 856 1043 900 suum
1061 838 1119 901 aut

94 922 330 1009 intempestivis
353 946 503 992 sevocare
520 923 646 992 lusibus
664 927 721 991 aut
739 924 883 991 sordium
901 945 939 991 ac
957 923 1118 1010 squaloris

94 1010 248 1079 foeditate
277 1015 410 1080 inritare
439 1018 497 1081 aut
525 1007 638 1081 alicnis
668 1014 762 1080 malis
792 1013 954 1080 oblectare
984 1013 1119 1080 minime

93 1100 236 1168 humano
260 1103 390 1170 solacio.
1138 1124 1163 1166 1⁰

60 1238 75 1287 1
183 1225 303 1293 XVIII.
334 1227 410 1293 Tibi
427 1250 505 1294 sero
522 1228 607 1294 nihil
625 1250 665 1295 ex
683 1227 914 1294 consuetudine
927 1227 1120 1292 mutandum

95 1319 146 1382 est
170 1319 242 1400 tua,
270 1317 423 1400 quoniam
451 1317 582 1401 quidem
609 1335 646 1383 ea
673 1317 843 1383 instituisti
871 1339 979 1382 amare
1002 1316 1120 1401 studia,

96 1425 177 1489 quae
205 1409 238 1471 et
265 1406 387 1491 optime
414 1405 603 1473 felicItatem
630 1408 792 1472 extollunt
819 1410 851 1472 et
877 1405 1032 1472 facillime
1059 1405 1120 1471 mi-

94 1497 201 1561 nuunt
237 1495 453 1561 calamitatem
485 1496 660 1580 eademque
692 1500 725 1561 et
757 1499 946 1561 ornamenta
977 1494 1120 1560 maxima

94 1582 220 1649 homini
248 1588 325 1651 sunt
351 1588 384 1650 et
411 1585 538 1651 solacia
584 1583 666 1670 [37]
693 1606 781 1651 nunc
808 1586 919 1670 itaque
946 1587 979 1650 te
1002 1584 1164 1651 studIis1s

94 1671 161 1738 tuis
190 1672 334 1760 inmerge
364 1674 476 1759 altius,
506 1696 594 1740 nunc
622 1675 680 1739 illa
708 1675 770 1740 tibi
799 1675 888 1740 velut
917 1672 1121 1739 munimenta

96 1760 196 1827 animi
225 1761 402 1847 circumda,
431 1785 473 1829 ne
503 1785 543 1828 ex
571 1763 639 1829 ulla
665 1764 715 1827 tui
737 1765 829 1848 parte
852 1763 997 1828 inveniat
1018 1761 1121 1828 intro·

60 1848 179 1916 situm
203 1849 303 1917 dolor.
349 1850 458 1917 fratris
482 1873 611 1936 quoque
633 1853 683 1917 tui
706 1853 829 1936 produc
853 1851 1043 1917 memoriam
1063 1851 1120 1915 ali-

97 1960 162 2023 quo
190 1940 386 2024 scriptorum
413 1942 612 2007 monimento
640 1945 785 2025 tuorum3
811 1941 875 2007 hoc
902 1941 988 2006 enim
1016 1962 1120 2004 unum

97 2032 146 2094 est
164 2028 201 2094 in
218 2028 315 2095 rebus
333 2028 483 2095 humanis
503 2051 599 2114 opus,
622 2031 674 2095 cui
692 2031 783 2096 nulla
800 2033 975 2115 tempestas
994 2032 1120 2113 noceat,
1139 2051 1166 2091 so

98 2116 184 2202 quod
211 2119 303 2184 nulla
324 2121 494 2184 consumat
516 2121 669 2184 vetustas.
715 2123 835 2202 cetera,
858 2141 940 2204 quae
962 2140 1021 2203 per
1044 2139 1120 2184 con-

97 2206 308 2272 structionem
329 2207 476 2292 lapidum
500 2210 533 2272 et
555 2229 750 2273 marmoreas
773 2210 875 2274 moles
899 2212 956 2274 aut
973 2211 1120 2273 terrenos

96 2297 239 2361 tumulos
262 2297 298 2361 in
320 2317 471 2382 magnam
495 2296 627 2363 eductos
646 2297 850 2363 altitudinem
868 2298 1031 2380 constant,
1053 2317 1122 2362 non

96 2389 280 2471 propagant
300 2386 434 2473 longam
457 2384 555 2471 diem,
578 2385 698 2472 quippe
721 2385 847 2471 etipsa
869 2384 1046 2452 intereunt:
1072 2385 1121 2451 in-

96 2475 243 2540 mortalis
271 2479 321 2542 est
346 2474 460 2561 ingeni
484 2475 647 2541 memoria.
692 2474 777 2543 hanc
804 2479 842 2541 tu
863 2475 956 2560 fratri
977 2477 1036 2540 tuo
1058 2475 1121 2540 lar-
1140 2495 1166 2538 ss

98 2564 180 2650 gire,
215 2564 251 2629 in
286 2563 348 2631 hac
384 2586 458 2629 eum
496 2565 643 2649 conloca3
683 2565 798 2632 melius
834 2565 928 2631 illum
965 2564 1121 2631 duraturo

189 2811 204 2866 7
224 2810 260 2865 ab
280 2810 356 2866 omni
374 2827 489 2866 romano
509 2812 547 2866 sit
563 2811 626 2866 uiro
640 2812 759 2868 AVest
777 2810 814 2866 ab
833 2811 910 2867 omni
925 2827 1042 2866 romano
1057 2811 1121 2866 uiro

97 2881 218 2938 DEHG
246 2880 283 2937 ab
308 2882 386 2938 omni
409 2882 553 2937 mundano
577 2883 640 2938 uiro
661 2884 689 2937 B
715 2884 773 2954 (sed
797 2883 914 2938 romano
941 2884 973 2939 tc
995 2885 1093 2955 scorp.)
1111 2882 1122 2957 d

97 2952 116 3009 8
140 2969 270 3010 sevocare
296 2954 379 3010 Gertz
407 2969 525 3010 euocare
549 2960 582 3009 ut
605 2954 660 3009 oid.
683 2954 711 3009 A
738 2955 832 3025 (σοντι
856 2972 915 3010 scra
938 2955 1031 3011 littero
1056 2961 1122 3011 autc

96 3040 200 3082 uocare
218 3025 288 3093 fuit,
310 3042 394 3095 cogare
411 3040 469 3081 non
487 3040 505 3079 a
522 3025 579 3093 fuit
595 3026 644 3080 sed
660 3027 753 3095 potius
771 3027 813 3097 θ’)
834 3041 955 3082 auocare
974 3027 1031 3081 ΕΒ
1050 3043 1086 3081 m.
1102 3029 1122 3080 2

97 3112 200 3153 uocare
219 3098 243 3154 0
261 3097 361 3168 fugere
376 3096 511 3225 Haoecp
531 3095 566 3152 18
589 3099 619 3153 et
637 3097 744 3167 optime
758 3098 854 3154 Muret
872 3098 978 3167 optime
997 3099 1027 3152 et
1040 3097 1095 3153 Ao
1111 3096 1126 3170 Η·

97 3167 134 3222 15
151 3168 260 3223 homiui
275 3170 302 3224 A
320 3168 466 3223 bominum
531 3168 655 3223 homiuis
675 3168 757 3224 Gertz
781 3168 792 3242 d
815 3168 852 3223 16
874 3169 1010 3239 immerge
1034 3167 1121 3226 altius

98 3240 255 3296 Pedasos
287 3240 445 3310 inmergere
477 3240 570 3295 acrius
592 3240 717 3295 AHDE
746 3238 914 3310 immergere
942 3239 1031 3295 atrius
1058 3239 1087 3295 B
1111 3239 1122 3312 ll

97 3310 134 3366 20
161 3310 192 3366 in
217 3312 280 3367 odd.
303 3312 464 3382 Wesenberg
491 3327 525 3367 ex
548 3311 668 3381 Madvig
693 3311 704 3383 ΙΙ
729 3309 764 3366 21
793 3311 1016 3366 construetIones
1040 3311 1126 3366 molit*

101 3382 183 3438 Gertz
204 3381 214 3455 d
236 3381 272 3437 28
291 3381 443 3438 altitudine
456 3382 519 3509 Ad
542 3381 579 3436 24
596 3382 739 3437 intereunt
753 3382 808 3438 AO
831 3399 881 3438 ceo
904 3388 944 3438 cst
965 3399 1016 3438 our
1033 3381 1121 3436 inter·

98 3454 197 3509 euntia
223 3455 388 3521 scribamus,
411 3460 443 3510 ot
466 3454 502 3510 Sc
519 3454 603 3509 alteas
619 3453 741 3520 oolcbot;
765 3452 817 3521 cfr.
832 3469 876 3522 qu.
891 3471 919 3508 c.
941 3453 997 3508 ΠΙ
1010 3456 1056 3521 27,
1071 3455 1121 3520 12;

81 3527 130 3591 29,
145 3528 171 3580 8
183 3541 224 3595 ιφ.
240 3529 305 3596 115,
319 3529 341 3583 8
358 3526 506 3599 (Rctnecte
523 3527 556 3583 ta
573 3524 639 3582 diss.
655 3526 776 3581 Morsast.
793 3528 865 3580 1900
878 3540 909 3593 p.
923 3527 967 3595 18)
