2438 3846
200 181 251 236 nu
271 159 486 237 emmenum
503 179 553 235 on
572 179 661 235 vul
677 179 802 235 annun
820 177 897 234 cm.
913 183 956 234 19.
971 182 1005 234 ao
1046 181 1111 246 217

92 325 225 412 mirum,
243 347 317 392 cum
334 326 511 411 loquantur
528 326 639 410 fortia,
657 325 814 413 ingentia,
833 324 938 390 omnis
955 325 1113 390 humanas

91 419 299 501 tempestates
318 412 507 486 evadentia?
538 436 612 481 cum
630 414 764 501 refigere
784 435 817 481 se
836 412 985 480 crucibus
999 434 1113 479 conen·

92 509 160 590 tur,
193 504 229 570 in
263 525 343 589 quas
374 504 596 590 unusquisque
627 507 770 570 vestrum
802 503 910 570 clavos
940 523 1015 569 suos
1045 503 1114 588 ipse

92 593 208 680 adigit,
243 594 284 659 ad
317 593 514 679 supplicium
544 596 654 658 tamen
684 593 749 660 acti
781 591 945 678 stipitibus
978 591 1114 678 singulis

59 682 247 769 spendent3
277 681 326 767 hi,
357 681 413 768 qui
442 681 478 747 in
504 704 537 748 se
564 682 628 767 ipsi
655 681 799 747 animum
820 681 1004 765 advertunt,
1035 684 1115 765 quot

92 770 323 925 cnpffltatibus
345 770 566 926 tcttuolquffls
590 770 819 924 dwffimu}
855 773 890 836 at
912 767 1115 924 meledicffl

92 883 128 926 m
201 882 295 926 enam
324 882 387 926 con
458 882 476 925 e
581 881 666 926 venu
736 882 820 925 sun.
865 880 1027 926 crearem

91 949 156 1015 hoc
185 971 312 1032 vacare,
341 949 405 1015 nisi
432 949 563 1033 quidam
590 970 631 1014 ex
656 948 804 1034 patibulo
832 970 890 1015 sno
918 950 1114 1033 spectatores

92 1042 315 1123 conspuerent.

46 1186 74 1229 ro
180 1160 252 1227 XX.
289 1159 381 1227 ‘Non
403 1166 568 1248 praestant
597 1160 786 1247 philosophi
814 1182 894 1246 quae
916 1159 1150 1247 loquuntur.'1

92 1251 232 1317 multum
249 1255 358 1317 tamen
375 1254 540 1337 praestant
558 1251 646 1335 quod
662 1252 853 1336 loquuntur,
875 1250 963 1336 quod
980 1250 1116 1317 honesta
1161 1275 1166 1284 ·

92 1342 200 1406 mente
232 1340 433 1425 concipiunt:
474 1361 614 1424 namquo
645 1339 731 1406 idem
763 1341 791 1406 si
829 1344 863 1405 et
898 1338 989 1424 paria
1021 1338 1116 1405 dictis

91 1432 236 1516 agerent,
260 1429 339 1513 quid
361 1433 445 1495 esset
462 1428 527 1494 illis
545 1428 693 1496 beatius?
728 1428 858 1494 interim
875 1450 943 1494 non
960 1431 1010 1494 est
1027 1428 1116 1513 quod

92 1522 279 1584 contemnas
309 1518 395 1583 bona
423 1517 522 1584 verba
552 1521 585 1584 et
615 1518 710 1584 bonis
739 1517 990 1604 cogitationibus
1020 1518 1117 1602 plena

45 1629 73 1672 re
91 1607 287 1692 praecordia.
328 1606 509 1672 studiorum
532 1608 721 1673 salutarium
743 1609 841 1674 etiam
863 1607 945 1674 citra
967 1606 1117 1673 effectum

91 1692 252 1763 laudanda
273 1696 423 1761 tractatio
447 1700 503 1762 est.
546 1696 624 1781 quid
647 1696 778 1781 mirum,
802 1697 830 1761 si
851 1718 919 1761 non
941 1696 1151 1765 escendunte

92 1784 128 1849 in
150 1784 251 1849 altum
274 1784 373 1849 ardua
396 1785 561 1871 adgressi?
597 1785 652 1852 sed
671 1786 699 1851 si
717 1787 768 1850 vir
785 1807 832 1870 es,
855 1785 996 1871 suspice,
1018 1785 1115 1851 etiam

93 1872 122 1939 si
148 1873 312 1957 decidunt,
343 1895 461 1961 magna
488 1874 643 1941 conantis.
690 1897 844 1962 generosa
873 1896 923 1941 res
947 1879 997 1941 est
1017 1875 1117 1958 respi-

92 1961 231 2027 cientem
252 1984 320 2028 non
342 1963 383 2028 ad
406 1985 480 2029 suas
503 1964 559 2029 sed
581 1963 623 2029 ed
645 1967 778 2029 naturae
801 1986 877 2030 suae
899 1964 984 2030 vires
1006 1964 1117 2030 conari

44 2051 158 2138 realta
185 2054 342 2136 temptare
368 2055 401 2116 ct
428 2055 535 2118 mente
557 2053 681 2119 maiora
704 2054 885 2138 concipere,
914 2074 1011 2137 quam
1034 2074 1117 2137 quae

92 2139 190 2206 etiam
212 2140 337 2227 ingenti
359 2142 468 2207 animo
491 2141 655 2208 adornatis
678 2143 765 2209 effici
787 2146 931 2227 possunt.
974 2142 1031 2226 qui
1054 2141 1117 2207 sibi
1135 2160 1151 2210 3

90 2229 154 2297 hoc
176 2229 360 2314 proposuit:
391 2229 468 2317 ‘ego
492 2235 630 2296 mortem
653 2232 765 2297 eodem
789 2233 880 2297 voltu
903 2230 1117 2297 comoediam·

92 2339 155 2403 que
183 2318 320 2402 videbo,
359 2340 420 2406 ego
447 2319 625 2404 laboribus,
656 2322 907 2405 quanticumque
935 2320 985 2385 illi
1012 2323 1117 2403 erunt,

181 2545 300 2604 laerta
324 2564 389 2603 cum
415 2549 533 2620 refigere
551 2591 580 2604 ..
601 2548 694 2620 adigit
721 2567 783 2606 cum
807 2552 847 2606 eia
871 2568 940 2621 quoe
964 2559 1116 2622 sequuntur

90 2618 285 2689 comendo
303 2636 358 2675 ease
374 2621 446 2676 cidit
465 2621 560 2690 Gertz,
578 2637 656 2691 quem
673 2623 706 2675 ia
723 2627 777 2677 toto
792 2623 843 2678 tec
856 2623 914 2679 loce
928 2624 1116 2679 mutitucndo

90 2694 200 2745 &outae
223 2706 297 2757 sam,
323 2707 490 2761 qccamqaom
513 2695 613 2748 waic
636 2692 744 2761 quidem
766 2695 941 2750 montiacum
963 2695 1089 2765 {mathye
1106 2691 1117 2765 Η

91 2758 111 2814 4
129 2759 223 2831 adigit
236 2763 334 2818 Mscrct
352 2761 443 2818 adicit
455 2765 483 2818 A
500 2763 511 2835 ΙΙ
529 2763 547 2817 t
563 2762 736 2820 atEraeoa.l
750 2765 840 2818 autA
860 2764 864 2835 l
885 2764 1021 2820 maledici
1038 2767 1068 2820 et
1085 2766 1116 2820 in

91 2830 174 2888 Koele
185 2830 414 2906 malevdicisslin
428 2835 454 2904 (1
463 2841 514 2890 cut
526 2838 546 2890 2
560 2836 611 2890 liu.
622 2836 703 2904 aaa.)
712 2837 739 2888 A
753 2834 891 2892 maledice
905 2837 936 2891 in
950 2835 986 2902 al
997 2837 1116 2906 Madoiq

92 2899 302 2971 distrahuntur,
322 2906 407 2960 avent
419 2904 603 2972 maledicere,
617 2905 648 2960 in
662 2904 785 2962 alienam
804 2923 827 2960 c.
837 2924 862 2961 v.
873 2924 895 2962 s.
909 2908 971 2963 Jch.
982 2908 1089 2964 Metller
1105 2906 1117 2979 ll

92 2971 111 3042 7,
126 2979 191 3029 autc
209 2973 353 3031 crederem
366 2974 488 3048 Madoiq
505 2976 552 3031 vix
569 2983 620 3032 cat
637 2994 694 3031 non
712 2977 870 3033 addendum
885 2986 990 3046 censen
1004 2979 1051 3034 aed
1064 2978 1116 3046 cfr.

91 3043 155 3100 Joe.
170 3045 278 3101 Malles
296 3046 373 3102 Krit.
388 3045 467 3102 Stud.
481 3048 501 3103 1
513 3063 544 3116 ρ.
558 3052 616 3104 26⁸
634 3091 640 3102 .
658 3047 669 3120 Η
689 3048 707 3102 8
725 3063 832 3118 uagare
845 3050 873 3103 A
898 3049 902 3120 Ι
928 3065 978 3104 suo
997 3049 1117 3121 Madoiq

92 3119 159 3170 suot
173 3117 201 3170 A
213 3115 224 3188 ll
237 3115 274 3171 10
286 3115 439 3186 loquentur
451 3120 479 3173 A
492 3134 561 3174 eurr.
576 3134 609 3174 oc
639 3161 644 3172 .
660 3119 679 3245 g
691 3119 727 3173 12
744 3134 867 3187 namque
884 3120 962 3174 idem
978 3120 1117 3176 &balteus

92 3184 155 3254 (cfr.
170 3201 211 3268 ep.
226 3190 271 3253 95,
281 3191 327 3258 64)
350 3204 417 3256 nam
435 3188 551 3257 quidem
569 3191 595 3244 A
614 3190 618 3261 Ι
643 3189 659 3244 1
700 3190 778 3244 uires
793 3207 862 3245 corr.
877 3207 912 3246 cc
928 3191 999 3246 uir‘is
1013 3193 1089 3245 ΑΜ
1107 3191 1114 3277 1

92 3270 198 3312 cenam.
235 3256 296 3313 alta
320 3260 462 3330 temptare
484 3264 511 3315 A
536 3261 742 3328 amavorum,
765 3279 827 3318 cum
845 3269 929 3318 antea
946 3268 998 3318 out
1019 3277 1116 3317 conam

91 3325 165 3398 alta,
183 3330 325 3400 temptare
343 3339 394 3388 orat
416 3332 526 3400 conari,
545 3331 605 3387 alta
623 3334 644 3388 t.
663 3335 825 3390 scriberetur
846 3333 857 3407 Η
878 3333 915 3390 20
933 3335 1028 3390 mente
1046 3350 1114 3391 cerri

90 3415 127 3456 ec
143 3403 268 3457 mentem
282 3405 310 3458 A
329 3402 341 3477 ΙΙ
362 3403 399 3460 22
417 3405 648 3476 comoediamque
663 3406 782 3477 Modoiq
800 3422 864 3461 oum
884 3407 1000 3462 audiam
1019 3422 1074 3475 quo
1087 3406 1116 3461 A

90 3486 148 3540 quo
161 3473 334 3530 manduoum
350 3475 431 3532 Gertz
445 3493 501 3546 quo
515 3476 555 3532 ad
566 3475 680 3532 Uticam
695 3475 765 3533 (lato
778 3477 915 3535 &tultae
929 3494 983 3547 eqo
995 3480 1126 3530 moutam

89 3558 217 3600 meorum
228 3545 334 3633 'eodem
353 3547 432 3604 vultu
451 3547 583 3622 audiam,
602 3566 660 3622 quo
678 3566 779 3608 meam
791 3547 903 3606 uacuo
920 3551 962 3603 P.
973 3549 1104 3600 'limosa
