<?xml version="1.0" encoding="UTF-8"?>
<!DOCTYPE html PUBLIC "-//W3C//DTD XHTML 1.0 Transitional//EN"
    "http://www.w3.org/TR/xhtml1/DTD/xhtml1-transitional.dtd">
<html xmlns="http://www.w3.org/1999/xhtml" xml:lang="en" lang="en">
 <head>
  <title>
</title>
<meta http-equiv="Content-Type" content="text/html;charset=utf-8" />
  <meta name='ocr-system' content='tesseract 3.04.00' />
  <meta name='ocr-capabilities' content='ocr_page ocr_carea ocr_par ocr_line ocrx_word'/>
</head>
<body>
  <div class='ocr_page' id='page_1' title='image "./lannaeisenecaeo02senegoog/lannaeisenecaeo02senegoog_0246.png"; bbox 0 0 2438 3846; ppageno 0'>
   <div class='ocr_carea' id='block_1_1' title="bbox 106 127 939 240">
    <p class='ocr_par' dir='ltr' id='par_1_1' title="bbox 106 127 939 240">
     <span class='ocr_line' id='line_1_1' title="bbox 106 127 939 240; baseline -0.008 -12"><span class='ocrx_word' id='word_1_1' title='bbox 106 173 172 240; x_wconf 84' lang='lat'><strong>216</strong></span> <span class='ocrx_word' id='word_1_2' title='bbox 296 168 327 224; x_wconf 84' lang='lat' dir='ltr'><strong>n.</strong></span> <span class='ocrx_word' id='word_1_3' title='bbox 340 167 483 224; x_wconf 68' lang='lat' dir='ltr'><strong>Arnim</strong></span> <span class='ocrx_word' id='word_1_4' title='bbox 502 127 666 224; x_wconf 77' lang='lat' dir='ltr'><strong>sanaem</strong></span> <span class='ocrx_word' id='word_1_5' title='bbox 685 167 781 224; x_wconf 81' lang='lat' dir='ltr'><strong>nun.</strong></span> <span class='ocrx_word' id='word_1_6' title='bbox 795 167 863 223; x_wconf 82' lang='lat' dir='ltr'><strong>ma.</strong></span> <span class='ocrx_word' id='word_1_7' title='bbox 877 167 939 228; x_wconf 80' lang='lat' dir='ltr'><strong>vu</strong></span> 
     </span>
    </p>
   </div>
   <div class='ocr_carea' id='block_1_2' title="bbox 105 311 1176 934">
    <p class='ocr_par' dir='ltr' id='par_1_2' title="bbox 105 311 1176 934">
     <span class='ocr_line' id='line_1_2' title="bbox 107 311 1130 398; baseline 0 -18"><span class='ocrx_word' id='word_1_8' title='bbox 107 335 196 381; x_wconf 85' lang='lat' dir='ltr'><strong>saoer</strong></span> <span class='ocrx_word' id='word_1_9' title='bbox 227 334 287 379; x_wconf 88' lang='lat' dir='ltr'><strong>neo</strong></span> <span class='ocrx_word' id='word_1_10' title='bbox 316 311 459 397; x_wconf 84' lang='lat' dir='ltr'><strong>Rutilius</strong></span> <span class='ocrx_word' id='word_1_11' title='bbox 491 313 554 379; x_wconf 85' lang='lat' dir='ltr'><strong>fuit</strong></span> <span class='ocrx_word' id='word_1_12' title='bbox 583 334 643 379; x_wconf 87' lang='lat' dir='ltr'><strong>neo</strong></span> <span class='ocrx_word' id='word_1_13' title='bbox 671 311 772 378; x_wconf 79' lang='lat' dir='ltr'><strong>Cato?</strong></span> <span class='ocrx_word' id='word_1_14' title='bbox 816 317 907 379; x_wconf 88' lang='lat' dir='ltr'><strong>euret</strong></span> <span class='ocrx_word' id='word_1_15' title='bbox 929 313 1060 398; x_wconf 84' lang='lat' dir='ltr'><strong>aliquis,</strong></span> <span class='ocrx_word' id='word_1_16' title='bbox 1088 331 1130 380; x_wconf 85' lang='lat' dir='ltr'><strong>an</strong></span> 
     </span>
     <span class='ocr_line' id='line_1_3' title="bbox 107 399 1129 488; baseline 0.001 -20"><span class='ocrx_word' id='word_1_17' title='bbox 107 404 178 470; x_wconf 85' lang='lat' dir='ltr'><strong>istis</strong></span> <span class='ocrx_word' id='word_1_18' title='bbox 208 403 306 468; x_wconf 88' lang='lat' dir='ltr'><strong>nimis</strong></span> <span class='ocrx_word' id='word_1_19' title='bbox 338 403 427 469; x_wconf 84' lang='lat' dir='ltr'><strong>dives</strong></span> <span class='ocrx_word' id='word_1_20' title='bbox 449 402 609 486; x_wconf 85' lang='lat' dir='ltr'><strong>videatur,</strong></span> <span class='ocrx_word' id='word_1_21' title='bbox 643 402 759 485; x_wconf 89' lang='lat' dir='ltr'><strong>quibus</strong></span> <span class='ocrx_word' id='word_1_22' title='bbox 782 399 966 468; x_wconf 82' lang='lat' dir='ltr'><strong>Demetrius</strong></span> <span class='ocrx_word' id='word_1_23' title='bbox 990 400 1129 488; x_wconf 82' lang='lat' dir='ltr'><strong>Cynicus</strong></span> 
     </span>
     <span class='ocr_line' id='line_1_4' title="bbox 105 489 1131 578; baseline 0.002 -22"><span class='ocrx_word' id='word_1_24' title='bbox 105 514 221 578; x_wconf 88' lang='lat' dir='ltr'><strong>parum</strong></span> <span class='ocrx_word' id='word_1_25' title='bbox 243 514 367 577; x_wconf 80' lang='lat' dir='ltr'>pauper</span> <span class='ocrx_word' id='word_1_26' title='bbox 389 489 459 558; x_wconf 83' lang='lat' dir='ltr'><strong>est?</strong></span> <span class='ocrx_word' id='word_1_27' title='bbox 496 491 602 563; x_wconf 84' lang='lat' dir='ltr'><strong>virum</strong></span> <span class='ocrx_word' id='word_1_28' title='bbox 625 491 817 558; x_wconf 78' lang='lat' dir='ltr'><strong>acerrimum</strong></span> <span class='ocrx_word' id='word_1_29' title='bbox 836 495 868 556; x_wconf 90' lang='lat' dir='ltr'><strong>et</strong></span> <span class='ocrx_word' id='word_1_30' title='bbox 886 495 999 558; x_wconf 83' lang='lat' dir='ltr'><strong>eontra</strong></span> <span class='ocrx_word' id='word_1_31' title='bbox 1021 491 1131 558; x_wconf 84' lang='lat' dir='ltr'><strong>omnia</strong></span> 
     </span>
     <span class='ocr_line' id='line_1_5' title="bbox 105 580 1130 667; baseline 0 -21"><span class='ocrx_word' id='word_1_32' title='bbox 105 585 239 646; x_wconf 87' lang='lat' dir='ltr'><strong>naturae</strong></span> <span class='ocrx_word' id='word_1_33' title='bbox 268 580 425 646; x_wconf 87' lang='lat' dir='ltr'><strong>desideria</strong></span> <span class='ocrx_word' id='word_1_34' title='bbox 452 584 668 667; x_wconf 58' lang='lat' dir='ltr'><strong>pugnantem</strong></span> <span class='ocrx_word' id='word_1_35' title='bbox 693 580 757 646; x_wconf 89' lang='lat' dir='ltr'><strong>hoa</strong></span> <span class='ocrx_word' id='word_1_36' title='bbox 784 580 1008 664; x_wconf 80' lang='lat' dir='ltr'>pauperiorem</span> <span class='ocrx_word' id='word_1_37' title='bbox 1032 601 1130 664; x_wconf 88' lang='lat' dir='ltr'><strong>quam</strong></span> 
     </span>
     <span class='ocr_line' id='line_1_6' title="bbox 105 667 1176 755; baseline -0.005 -20"><span class='ocrx_word' id='word_1_38' title='bbox 105 672 229 736; x_wconf 88' lang='lat' dir='ltr'><strong>eeteros</strong></span> <span class='ocrx_word' id='word_1_39' title='bbox 260 667 411 754; x_wconf 79' lang='lat' dir='ltr'><strong>Cynicos,</strong></span> <span class='ocrx_word' id='word_1_40' title='bbox 441 669 541 754; x_wconf 89' lang='lat' dir='ltr'><strong>quod,</strong></span> <span class='ocrx_word' id='word_1_41' title='bbox 570 678 645 736; x_wconf 81' lang='lat' dir='ltr'><strong>o&#39;um</strong></span> <span class='ocrx_word' id='word_1_42' title='bbox 673 669 735 736; x_wconf 91' lang='lat' dir='ltr'><strong>sibi</strong></span> <span class='ocrx_word' id='word_1_43' title='bbox 757 669 982 740; x_wconf 76' lang='lat' dir='ltr'><strong>interdixerint</strong></span> <span class='ocrx_word' id='word_1_44' title='bbox 1003 669 1131 755; x_wconf 81' lang='lat' dir='ltr'><strong>habere,</strong></span> <span class='ocrx_word' id='word_1_45' title='bbox 1156 689 1176 748; x_wconf 65' lang='lat' dir='ltr'><strong>¹a</strong></span> 
     </span>
     <span class='ocr_line' id='line_1_7' title="bbox 106 758 1130 845; baseline -0.001 -21"><span class='ocrx_word' id='word_1_46' title='bbox 106 759 275 824; x_wconf 73' lang='lat' dir='ltr'><strong>interdixit</strong></span> <span class='ocrx_word' id='word_1_47' title='bbox 297 761 330 823; x_wconf 92' lang='lat' dir='ltr'><strong>et</strong></span> <span class='ocrx_word' id='word_1_48' title='bbox 352 779 498 842; x_wconf 79' lang='lat' dir='ltr'><strong>poscere,</strong></span> <span class='ocrx_word' id='word_1_49' title='bbox 521 761 643 845; x_wconf 84' lang='lat' dir='ltr'><strong>negant</strong></span> <span class='ocrx_word' id='word_1_50' title='bbox 664 758 742 825; x_wconf 88' lang='lat' dir='ltr'><strong>satis</strong></span> <span class='ocrx_word' id='word_1_51' title='bbox 765 759 872 844; x_wconf 78' lang='lat' dir='ltr'><strong>egeret</strong></span> <span class='ocrx_word' id='word_1_52' title='bbox 916 758 1006 824; x_wconf 84' lang='lat' dir='ltr'><strong>vides</strong></span> <span class='ocrx_word' id='word_1_53' title='bbox 1029 759 1130 824; x_wconf 84' lang='lat' dir='ltr'><strong>enim:</strong></span> 
     </span>
     <span class='ocr_line' id='line_1_8' title="bbox 106 846 1038 934; baseline -0.002 -22"><span class='ocrx_word' id='word_1_54' title='bbox 106 869 174 914; x_wconf 92' lang='lat' dir='ltr'><strong>non</strong></span> <span class='ocrx_word' id='word_1_55' title='bbox 197 848 328 913; x_wconf 84' lang='lat' dir='ltr'><strong>virtutis</strong></span> <span class='ocrx_word' id='word_1_56' title='bbox 352 846 519 913; x_wconf 81' lang='lat' dir='ltr'><strong>seientiam</strong></span> <span class='ocrx_word' id='word_1_57' title='bbox 542 848 598 913; x_wconf 88' lang='lat' dir='ltr'><strong>sed</strong></span> <span class='ocrx_word' id='word_1_58' title='bbox 621 846 773 934; x_wconf 78' lang='lat' dir='ltr'><strong>egestatis</strong></span> <span class='ocrx_word' id='word_1_59' title='bbox 794 847 959 931; x_wconf 84' lang='lat' dir='ltr'><strong>professus</strong></span> <span class='ocrx_word' id='word_1_60' title='bbox 981 850 1038 913; x_wconf 85' lang='lat' dir='ltr'><strong>eat.</strong></span> 
     </span>
    </p>
   </div>
   <div class='ocr_carea' id='block_1_3' title="bbox 72 969 1178 1768">
    <p class='ocr_par' dir='ltr' id='par_1_3' title="bbox 72 969 1178 1768">
     <span class='ocr_line' id='line_1_9' title="bbox 72 969 1131 1057; baseline -0.002 -19"><span class='ocrx_word' id='word_1_61' title='bbox 72 988 87 1038; x_wconf 89' lang='lat'>1</span> <span class='ocrx_word' id='word_1_62' title='bbox 196 969 283 1037; x_wconf 86' lang='lat' dir='ltr'><strong>XIX.</strong></span> <span class='ocrx_word' id='word_1_63' title='bbox 324 969 519 1056; x_wconf 88' lang='lat' dir='ltr'><strong>Diodorum,</strong></span> <span class='ocrx_word' id='word_1_64' title='bbox 559 971 756 1056; x_wconf 84' lang='lat' dir='ltr'><strong>Epicureum</strong></span> <span class='ocrx_word' id='word_1_65' title='bbox 791 970 1038 1057; x_wconf 86' lang='lat' dir='ltr'><strong>philosophum,</strong></span> <span class='ocrx_word' id='word_1_66' title='bbox 1074 971 1131 1056; x_wconf 91' lang='lat' dir='ltr'><strong>qui</strong></span> 
     </span>
     <span class='ocr_line' id='line_1_10' title="bbox 106 1060 1131 1146; baseline 0.001 -21"><span class='ocrx_word' id='word_1_67' title='bbox 106 1061 193 1126; x_wconf 89' lang='lat' dir='ltr'><strong>intra</strong></span> <span class='ocrx_word' id='word_1_68' title='bbox 214 1081 336 1145; x_wconf 83' lang='lat' dir='ltr'><strong>paucos</strong></span> <span class='ocrx_word' id='word_1_69' title='bbox 360 1060 426 1127; x_wconf 83' lang='lat' dir='ltr'><strong>dies</strong></span> <span class='ocrx_word' id='word_1_70' title='bbox 449 1061 548 1125; x_wconf 86' lang='lat' dir='ltr'><strong>finem</strong></span> <span class='ocrx_word' id='word_1_71' title='bbox 570 1061 656 1125; x_wconf 84' lang='lat' dir='ltr'><strong>vitae</strong></span> <span class='ocrx_word' id='word_1_72' title='bbox 679 1082 755 1126; x_wconf 85' lang='lat' dir='ltr'><strong>suae</strong></span> <span class='ocrx_word' id='word_1_73' title='bbox 777 1082 876 1125; x_wconf 88' lang='lat' dir='ltr'><strong>manu</strong></span> <span class='ocrx_word' id='word_1_74' title='bbox 900 1081 958 1126; x_wconf 88' lang='lat' dir='ltr'><strong>sua</strong></span> <span class='ocrx_word' id='word_1_75' title='bbox 977 1060 1131 1146; x_wconf 81' lang='lat' dir='ltr'><strong>inposuit,</strong></span> 
     </span>
     <span class='ocr_line' id='line_1_11' title="bbox 106 1148 1178 1235; baseline -0.004 -21"><span class='ocrx_word' id='word_1_76' title='bbox 106 1153 228 1235; x_wconf 80' lang='lat' dir='ltr'><strong>negant</strong></span> <span class='ocrx_word' id='word_1_77' title='bbox 260 1171 300 1214; x_wconf 94' lang='lat' dir='ltr'><strong>ex</strong></span> <span class='ocrx_word' id='word_1_78' title='bbox 329 1149 456 1216; x_wconf 77' lang='lat' dir='ltr'><strong>decreto</strong></span> <span class='ocrx_word' id='word_1_79' title='bbox 486 1148 622 1233; x_wconf 82' lang='lat' dir='ltr'><strong>Epicuri</strong></span> <span class='ocrx_word' id='word_1_80' title='bbox 651 1150 778 1234; x_wconf 82' lang='lat' dir='ltr'><strong>fecisse,</strong></span> <span class='ocrx_word' id='word_1_81' title='bbox 813 1148 901 1234; x_wconf 90' lang='lat' dir='ltr'><strong>qnod</strong></span> <span class='ocrx_word' id='word_1_82' title='bbox 931 1149 993 1215; x_wconf 89' lang='lat' dir='ltr'><strong>sibi</strong></span> <span class='ocrx_word' id='word_1_83' title='bbox 1020 1148 1131 1235; x_wconf 80' lang='lat' dir='ltr'><strong>gulam</strong></span> <span class='ocrx_word' id='word_1_84' title='bbox 1151 1170 1178 1210; x_wconf 79' lang='lat' dir='ltr'><strong>io</strong></span> 
     </span>
     <span class='ocr_line' id='line_1_12' title="bbox 107 1237 1132 1324; baseline 0.002 -22"><span class='ocrx_word' id='word_1_85' title='bbox 107 1239 302 1324; x_wconf 82' lang='lat' dir='ltr'><strong>praesecuit:</strong></span> <span class='ocrx_word' id='word_1_86' title='bbox 334 1239 390 1303; x_wconf 86' lang='lat' dir='ltr'><strong>alii</strong></span> <span class='ocrx_word' id='word_1_87' title='bbox 420 1237 614 1304; x_wconf 88' lang='lat' dir='ltr'><strong>dementiam</strong></span> <span class='ocrx_word' id='word_1_88' title='bbox 643 1238 747 1303; x_wconf 83' lang='lat' dir='ltr'><strong>videri</strong></span> <span class='ocrx_word' id='word_1_89' title='bbox 775 1239 891 1304; x_wconf 86' lang='lat' dir='ltr'><strong>volunt</strong></span> <span class='ocrx_word' id='word_1_90' title='bbox 922 1238 1045 1303; x_wconf 83' lang='lat' dir='ltr'><strong>facturn</strong></span> <span class='ocrx_word' id='word_1_91' title='bbox 1068 1238 1132 1304; x_wconf 86' lang='lat' dir='ltr'><strong>hoo</strong></span> 
     </span>
     <span class='ocr_line' id='line_1_13' title="bbox 107 1326 1131 1412; baseline 0.001 -21"><span class='ocrx_word' id='word_1_92' title='bbox 107 1327 191 1410; x_wconf 85' lang='lat' dir='ltr'><strong>eius,</strong></span> <span class='ocrx_word' id='word_1_93' title='bbox 220 1327 277 1392; x_wconf 89' lang='lat' dir='ltr'><strong>alii</strong></span> <span class='ocrx_word' id='word_1_94' title='bbox 306 1327 535 1411; x_wconf 67' lang='lat' dir='ltr'><strong>temeritatem</strong></span> <span class='ocrx_word' id='word_1_95' title='bbox 564 1327 620 1393; x_wconf 87' lang='lat' dir='ltr'><strong>ille</strong></span> <span class='ocrx_word' id='word_1_96' title='bbox 649 1327 779 1393; x_wconf 90' lang='lat' dir='ltr'><strong>interim</strong></span> <span class='ocrx_word' id='word_1_97' title='bbox 810 1326 923 1392; x_wconf 86' lang='lat' dir='ltr'><strong>beatus</strong></span> <span class='ocrx_word' id='word_1_98' title='bbox 951 1348 989 1392; x_wconf 87' lang='lat' dir='ltr'><strong>ae</strong></span> <span class='ocrx_word' id='word_1_99' title='bbox 1015 1326 1131 1412; x_wconf 83' lang='lat' dir='ltr'><strong>plenus</strong></span> 
     </span>
     <span class='ocr_line' id='line_1_14' title="bbox 106 1414 1132 1483; baseline -0.002 -1"><span class='ocrx_word' id='word_1_100' title='bbox 106 1415 193 1482; x_wconf 85' lang='lat' dir='ltr'><strong>bone</strong></span> <span class='ocrx_word' id='word_1_101' title='bbox 227 1416 424 1482; x_wconf 78' lang='lat' dir='ltr'><strong>conscientia</strong></span> <span class='ocrx_word' id='word_1_102' title='bbox 458 1415 597 1483; x_wconf 86' lang='lat' dir='ltr'><strong>reddidit</strong></span> <span class='ocrx_word' id='word_1_103' title='bbox 634 1416 696 1483; x_wconf 84' lang='lat' dir='ltr'><strong>eibi</strong></span> <span class='ocrx_word' id='word_1_104' title='bbox 724 1415 946 1482; x_wconf 89' lang='lat' dir='ltr'><strong>testimonium</strong></span> <span class='ocrx_word' id='word_1_105' title='bbox 975 1414 1044 1480; x_wconf 78' lang='lat' dir='ltr'><strong>vita</strong></span> <span class='ocrx_word' id='word_1_106' title='bbox 1079 1437 1132 1480; x_wconf 89' lang='lat' dir='ltr'><strong>ex-</strong></span> 
     </span>
     <span class='ocr_line' id='line_1_15' title="bbox 107 1504 1132 1590; baseline 0.001 -21"><span class='ocrx_word' id='word_1_107' title='bbox 107 1504 222 1570; x_wconf 79' lang='lat' dir='ltr'><strong>cedens</strong></span> <span class='ocrx_word' id='word_1_108' title='bbox 240 1505 447 1590; x_wconf 73' lang='lat' dir='ltr'><strong>laudavitque</strong></span> <span class='ocrx_word' id='word_1_109' title='bbox 465 1505 579 1572; x_wconf 84' lang='lat' dir='ltr'><strong>aetatis</strong></span> <span class='ocrx_word' id='word_1_110' title='bbox 597 1505 633 1571; x_wconf 91' lang='lat' dir='ltr'><strong>in</strong></span> <span class='ocrx_word' id='word_1_111' title='bbox 651 1509 748 1590; x_wconf 90' lang='lat' dir='ltr'><strong>portu</strong></span> <span class='ocrx_word' id='word_1_112' title='bbox 767 1509 799 1570; x_wconf 89' lang='lat' dir='ltr'><strong>et</strong></span> <span class='ocrx_word' id='word_1_113' title='bbox 817 1504 858 1570; x_wconf 95' lang='lat' dir='ltr'><strong>ad</strong></span> <span class='ocrx_word' id='word_1_114' title='bbox 876 1525 1027 1570; x_wconf 84' lang='lat' dir='ltr'><strong>ancoram</strong></span> <span class='ocrx_word' id='word_1_115' title='bbox 1041 1507 1132 1570; x_wconf 81' lang='lat' dir='ltr'><strong>uotae</strong></span> 
     </span>
     <span class='ocr_line' id='line_1_16' title="bbox 108 1592 1178 1679; baseline -0.003 -21"><span class='ocrx_word' id='word_1_116' title='bbox 108 1593 250 1677; x_wconf 85' lang='lat' dir='ltr'><strong>quietem</strong></span> <span class='ocrx_word' id='word_1_117' title='bbox 272 1597 307 1658; x_wconf 91' lang='lat' dir='ltr'><strong>et</strong></span> <span class='ocrx_word' id='word_1_118' title='bbox 329 1593 425 1678; x_wconf 84' lang='lat' dir='ltr'><strong>dixit,</strong></span> <span class='ocrx_word' id='word_1_119' title='bbox 447 1594 534 1679; x_wconf 90' lang='lat' dir='ltr'><strong>qnod</strong></span> <span class='ocrx_word' id='word_1_120' title='bbox 557 1615 615 1673; x_wconf 83' lang='lat' dir='ltr'><strong>vos</strong></span> <span class='ocrx_word' id='word_1_121' title='bbox 638 1594 733 1660; x_wconf 85' lang='lat' dir='ltr'><strong>inviti</strong></span> <span class='ocrx_word' id='word_1_122' title='bbox 756 1593 905 1676; x_wconf 86' lang='lat' dir='ltr'><strong>audistis,</strong></span> <span class='ocrx_word' id='word_1_123' title='bbox 929 1593 1021 1676; x_wconf 84' lang='lat' dir='ltr'><strong>quasi</strong></span> <span class='ocrx_word' id='word_1_124' title='bbox 1038 1592 1131 1659; x_wconf 78' lang='lat' dir='ltr'><strong>robis</strong></span> <span class='ocrx_word' id='word_1_125' title='bbox 1151 1614 1178 1656; x_wconf 79' lang='lat' dir='ltr'><strong>a</strong></span> 
     </span>
     <span class='ocr_line' id='line_1_17' title="bbox 108 1682 519 1768; baseline -0.005 -19"><span class='ocrx_word' id='word_1_126' title='bbox 108 1703 236 1768; x_wconf 85' lang='lat' dir='ltr'><strong>quoque</strong></span> <span class='ocrx_word' id='word_1_127' title='bbox 258 1682 441 1748; x_wconf 74' lang='lat' dir='ltr'><strong>faciendum</strong></span> <span class='ocrx_word' id='word_1_128' title='bbox 464 1683 519 1749; x_wconf 87' lang='lat' dir='ltr'><strong>sit:</strong></span> 
     </span>
    </p>
   </div>
   <div class='ocr_carea' id='block_1_4' title="bbox 247 1820 992 1892">
    <p class='ocr_par' dir='ltr' id='par_1_4' title="bbox 247 1820 992 1892">
     <span class='ocr_line' id='line_1_18' title="bbox 247 1820 992 1892; baseline 0 -16"><span class='ocrx_word' id='word_1_129' title='bbox 247 1820 314 1876; x_wconf 88' lang='lat' dir='ltr'><strong>Vixi</strong></span> <span class='ocrx_word' id='word_1_130' title='bbox 333 1824 361 1877; x_wconf 88' lang='lat' dir='ltr'><strong>et</strong></span> <span class='ocrx_word' id='word_1_131' title='bbox 380 1837 464 1891; x_wconf 86' lang='lat' dir='ltr'><strong>quem</strong></span> <span class='ocrx_word' id='word_1_132' title='bbox 484 1821 603 1878; x_wconf 84' lang='lat' dir='ltr'><strong>dederat</strong></span> <span class='ocrx_word' id='word_1_133' title='bbox 621 1839 731 1878; x_wconf 86' lang='lat' dir='ltr'><strong>oursum</strong></span> <span class='ocrx_word' id='word_1_134' title='bbox 752 1820 867 1878; x_wconf 84' lang='lat' dir='ltr'><strong>fortuna</strong></span> <span class='ocrx_word' id='word_1_135' title='bbox 885 1821 992 1892; x_wconf 80' lang='lat' dir='ltr'><strong>peregi.</strong></span> 
     </span>
    </p>
   </div>
   <div class='ocr_carea' id='block_1_5' title="bbox 71 1947 1179 2924">
    <p class='ocr_par' dir='ltr' id='par_1_5' title="bbox 71 1947 1179 2746">
     <span class='ocr_line' id='line_1_19' title="bbox 71 1947 1132 2034; baseline -0.003 -19"><span class='ocrx_word' id='word_1_136' title='bbox 71 1949 147 2016; x_wconf 76' lang='lat' dir='ltr'><strong>ade</strong></span> <span class='ocrx_word' id='word_1_137' title='bbox 179 1948 310 2014; x_wconf 85' lang='lat' dir='ltr'><strong>alterius</strong></span> <span class='ocrx_word' id='word_1_138' title='bbox 343 1949 423 2034; x_wconf 85' lang='lat' dir='ltr'><strong>vita,</strong></span> <span class='ocrx_word' id='word_1_139' title='bbox 458 1948 497 2015; x_wconf 94' lang='lat' dir='ltr'><strong>de</strong></span> <span class='ocrx_word' id='word_1_140' title='bbox 528 1949 659 2016; x_wconf 85' lang='lat' dir='ltr'><strong>alterius</strong></span> <span class='ocrx_word' id='word_1_141' title='bbox 689 1953 794 2015; x_wconf 91' lang='lat' dir='ltr'><strong>morte</strong></span> <span class='ocrx_word' id='word_1_142' title='bbox 826 1949 998 2034; x_wconf 87' lang='lat' dir='ltr'><strong>disputatis</strong></span> <span class='ocrx_word' id='word_1_143' title='bbox 1029 1951 1062 2014; x_wconf 89' lang='lat' dir='ltr'><strong>et</strong></span> <span class='ocrx_word' id='word_1_144' title='bbox 1091 1947 1132 2012; x_wconf 87' lang='lat' dir='ltr'><strong>ad</strong></span> 
     </span>
     <span class='ocr_line' id='line_1_20' title="bbox 100 2037 1133 2124; baseline -0.001 -21"><span class='ocrx_word' id='word_1_145' title='bbox 100 2059 226 2103; x_wconf 89' lang='lat' dir='ltr'><strong>nomen</strong></span> <span class='ocrx_word' id='word_1_146' title='bbox 243 2059 436 2124; x_wconf 78' lang='lat' dir='ltr'><strong>magnorum</strong></span> <span class='ocrx_word' id='word_1_147' title='bbox 455 2039 496 2104; x_wconf 92' lang='lat' dir='ltr'><strong>ob</strong></span> <span class='ocrx_word' id='word_1_148' title='bbox 516 2038 658 2124; x_wconf 83' lang='lat' dir='ltr'><strong>aliquam</strong></span> <span class='ocrx_word' id='word_1_149' title='bbox 671 2039 822 2105; x_wconf 82' lang='lat' dir='ltr'><strong>eximiam</strong></span> <span class='ocrx_word' id='word_1_150' title='bbox 835 2037 964 2103; x_wconf 89' lang='lat' dir='ltr'><strong>laudem</strong></span> <span class='ocrx_word' id='word_1_151' title='bbox 978 2037 1133 2121; x_wconf 84' lang='lat' dir='ltr'><strong>virorum,</strong></span> 
     </span>
     <span class='ocr_line' id='line_1_21' title="bbox 108 2127 1179 2214; baseline -0.004 -22"><span class='ocrx_word' id='word_1_152' title='bbox 108 2127 193 2192; x_wconf 85' lang='lat' dir='ltr'><strong>sieut</strong></span> <span class='ocrx_word' id='word_1_153' title='bbox 215 2127 256 2192; x_wconf 84' lang='lat' dir='ltr'><strong>ad</strong></span> <span class='ocrx_word' id='word_1_154' title='bbox 279 2149 448 2194; x_wconf 85' lang='lat' dir='ltr'><strong>ooeureum</strong></span> <span class='ocrx_word' id='word_1_155' title='bbox 478 2128 666 2214; x_wconf 82' lang='lat' dir='ltr'><strong>ignotorum</strong></span> <span class='ocrx_word' id='word_1_156' title='bbox 695 2127 864 2200; x_wconf 90' lang='lat' dir='ltr'><strong>hominum</strong></span> <span class='ocrx_word' id='word_1_157' title='bbox 886 2127 1005 2192; x_wconf 89' lang='lat' dir='ltr'><strong>minuti</strong></span> <span class='ocrx_word' id='word_1_158' title='bbox 1028 2147 1131 2209; x_wconf 78' lang='lat' dir='ltr'><strong>canes,</strong></span> <span class='ocrx_word' id='word_1_159' title='bbox 1152 2147 1179 2188; x_wconf 78' lang='lat' dir='ltr'><strong>ao</strong></span> 
     </span>
     <span class='ocr_line' id='line_1_22' title="bbox 107 2214 1133 2302; baseline -0.001 -22"><span class='ocrx_word' id='word_1_160' title='bbox 107 2216 248 2299; x_wconf 84' lang='lat' dir='ltr'><strong>latratis3</strong></span> <span class='ocrx_word' id='word_1_161' title='bbox 280 2217 410 2302; x_wconf 86' lang='lat' dir='ltr'><strong>expedit</strong></span> <span class='ocrx_word' id='word_1_162' title='bbox 439 2218 525 2282; x_wconf 90' lang='lat' dir='ltr'><strong>enim</strong></span> <span class='ocrx_word' id='word_1_163' title='bbox 557 2216 650 2282; x_wconf 84' lang='lat' dir='ltr'><strong>vobis</strong></span> <span class='ocrx_word' id='word_1_164' title='bbox 679 2217 841 2282; x_wconf 85' lang='lat' dir='ltr'><strong>neminem</strong></span> <span class='ocrx_word' id='word_1_165' title='bbox 869 2215 972 2281; x_wconf 84' lang='lat' dir='ltr'><strong>videri</strong></span> <span class='ocrx_word' id='word_1_166' title='bbox 1001 2214 1133 2298; x_wconf 88' lang='lat' dir='ltr'><strong>bonum,</strong></span> 
     </span>
     <span class='ocr_line' id='line_1_23' title="bbox 109 2304 1132 2391; baseline -0.002 -21"><span class='ocrx_word' id='word_1_167' title='bbox 109 2305 201 2388; x_wconf 86' lang='lat' dir='ltr'><strong>quasi</strong></span> <span class='ocrx_word' id='word_1_168' title='bbox 229 2305 334 2370; x_wconf 87' lang='lat' dir='ltr'><strong>aliena</strong></span> <span class='ocrx_word' id='word_1_169' title='bbox 360 2307 463 2371; x_wconf 80' lang='lat' dir='ltr'><strong>virtus</strong></span> <span class='ocrx_word' id='word_1_170' title='bbox 491 2305 697 2391; x_wconf 88' lang='lat' dir='ltr'><strong>exprobratio</strong></span> <span class='ocrx_word' id='word_1_171' title='bbox 725 2305 916 2371; x_wconf 80' lang='lat' dir='ltr'><strong>delictorum</strong></span> <span class='ocrx_word' id='word_1_172' title='bbox 939 2304 963 2388; x_wconf 95' lang='lat'><strong>†</strong></span> <span class='ocrx_word' id='word_1_173' title='bbox 986 2304 1132 2369; x_wconf 91' lang='lat' dir='ltr'><strong>omnium</strong></span> 
     </span>
     <span class='ocr_line' id='line_1_24' title="bbox 108 2392 1132 2479; baseline -0.002 -19"><span class='ocrx_word' id='word_1_174' title='bbox 108 2393 159 2460; x_wconf 90' lang='lat' dir='ltr'><strong>sit.</strong></span> <span class='ocrx_word' id='word_1_175' title='bbox 211 2393 314 2460; x_wconf 84' lang='lat' dir='ltr'><strong>invidi</strong></span> <span class='ocrx_word' id='word_1_176' title='bbox 348 2394 516 2479; x_wconf 85' lang='lat' dir='ltr'><strong>splendida</strong></span> <span class='ocrx_word' id='word_1_177' title='bbox 550 2405 624 2461; x_wconf 84' lang='lat' dir='ltr'><strong>oum</strong></span> <span class='ocrx_word' id='word_1_178' title='bbox 656 2394 804 2460; x_wconf 84' lang='lat' dir='ltr'><strong>sordibus</strong></span> <span class='ocrx_word' id='word_1_179' title='bbox 833 2394 948 2460; x_wconf 82' lang='lat' dir='ltr'><strong>vestris</strong></span> <span class='ocrx_word' id='word_1_180' title='bbox 979 2392 1132 2459; x_wconf 78' lang='lat' dir='ltr'><strong>confertis</strong></span> 
     </span>
     <span class='ocr_line' id='line_1_25' title="bbox 108 2481 1131 2570; baseline -0.003 -22"><span class='ocrx_word' id='word_1_181' title='bbox 108 2504 168 2549; x_wconf 88' lang='lat' dir='ltr'><strong>nea</strong></span> <span class='ocrx_word' id='word_1_182' title='bbox 194 2482 396 2570; x_wconf 82' lang='lat' dir='ltr'><strong>intellegitis,</strong></span> <span class='ocrx_word' id='word_1_183' title='bbox 427 2487 547 2569; x_wconf 87' lang='lat' dir='ltr'><strong>quanto</strong></span> <span class='ocrx_word' id='word_1_184' title='bbox 576 2483 610 2548; x_wconf 93' lang='lat' dir='ltr'><strong>id</strong></span> <span class='ocrx_word' id='word_1_185' title='bbox 632 2487 739 2549; x_wconf 88' lang='lat' dir='ltr'><strong>vestro</strong></span> <span class='ocrx_word' id='word_1_186' title='bbox 763 2484 955 2549; x_wconf 90' lang='lat' dir='ltr'><strong>detrimento</strong></span> <span class='ocrx_word' id='word_1_187' title='bbox 979 2481 1131 2547; x_wconf 86' lang='lat' dir='ltr'><strong>audeatis.</strong></span> 
     </span>
     <span class='ocr_line' id='line_1_26' title="bbox 108 2570 1178 2657; baseline -0.006 -20"><span class='ocrx_word' id='word_1_188' title='bbox 108 2593 184 2637; x_wconf 88' lang='lat' dir='ltr'><strong>nam</strong></span> <span class='ocrx_word' id='word_1_189' title='bbox 214 2573 242 2637; x_wconf 91' lang='lat' dir='ltr'><strong>si</strong></span> <span class='ocrx_word' id='word_1_190' title='bbox 269 2572 333 2656; x_wconf 88' lang='lat' dir='ltr'><strong>illi,</strong></span> <span class='ocrx_word' id='word_1_191' title='bbox 365 2573 421 2656; x_wconf 90' lang='lat' dir='ltr'><strong>qui</strong></span> <span class='ocrx_word' id='word_1_192' title='bbox 448 2573 601 2638; x_wconf 83' lang='lat' dir='ltr'><strong>virtutem</strong></span> <span class='ocrx_word' id='word_1_193' title='bbox 629 2576 820 2657; x_wconf 83' lang='lat' dir='ltr'><strong>seqmmtnr,</strong></span> <span class='ocrx_word' id='word_1_194' title='bbox 851 2573 940 2637; x_wconf 89' lang='lat' dir='ltr'><strong>avari</strong></span> <span class='ocrx_word' id='word_1_195' title='bbox 966 2570 1134 2637; x_wconf 83' lang='lat' dir='ltr'><strong>libidinosi</strong></span> <span class='ocrx_word' id='word_1_196' title='bbox 1152 2591 1178 2631; x_wconf 77' lang='lat' dir='ltr'><strong>aa</strong></span> 
     </span>
     <span class='ocr_line' id='line_1_27' title="bbox 108 2659 1134 2746; baseline -0.003 -19"><span class='ocrx_word' id='word_1_197' title='bbox 108 2659 335 2744; x_wconf 88' lang='lat' dir='ltr'><strong>ambitiosique</strong></span> <span class='ocrx_word' id='word_1_198' title='bbox 354 2665 442 2746; x_wconf 85' lang='lat' dir='ltr'><strong>sunt,</strong></span> <span class='ocrx_word' id='word_1_199' title='bbox 466 2661 544 2746; x_wconf 92' lang='lat' dir='ltr'><strong>quid</strong></span> <span class='ocrx_word' id='word_1_200' title='bbox 562 2682 621 2727; x_wconf 84' lang='lat' dir='ltr'><strong>voa</strong></span> <span class='ocrx_word' id='word_1_201' title='bbox 640 2661 730 2745; x_wconf 81' lang='lat' dir='ltr'><strong>eatis,</strong></span> <span class='ocrx_word' id='word_1_202' title='bbox 754 2662 870 2746; x_wconf 89' lang='lat' dir='ltr'><strong>quibus</strong></span> <span class='ocrx_word' id='word_1_203' title='bbox 889 2662 996 2745; x_wconf 85' lang='lat' dir='ltr'><strong>ipsum</strong></span> <span class='ocrx_word' id='word_1_204' title='bbox 1012 2679 1134 2725; x_wconf 88' lang='lat' dir='ltr'><strong>nomen</strong></span> 
     </span>
    </p>

    <p class='ocr_par' dir='ltr' id='par_1_6' title="bbox 71 2748 1134 2924">
     <span class='ocr_line' id='line_1_28' title="bbox 71 2748 1133 2836; baseline -0.002 -21"><span class='ocrx_word' id='word_1_205' title='bbox 71 2765 89 2815; x_wconf 78' lang='lat' dir='ltr'><strong>a</strong></span> <span class='ocrx_word' id='word_1_206' title='bbox 109 2749 239 2815; x_wconf 84' lang='lat' dir='ltr'><strong>virtutis</strong></span> <span class='ocrx_word' id='word_1_207' title='bbox 266 2748 347 2815; x_wconf 89' lang='lat' dir='ltr'><strong>odio·</strong></span> <span class='ocrx_word' id='word_1_208' title='bbox 366 2749 436 2816; x_wconf 82' lang='lat' dir='ltr'><strong>eat?</strong></span> <span class='ocrx_word' id='word_1_209' title='bbox 480 2749 606 2836; x_wconf 80' lang='lat' dir='ltr'><strong>negatis</strong></span> <span class='ocrx_word' id='word_1_210' title='bbox 630 2770 823 2835; x_wconf 87' lang='lat' dir='ltr'><strong>quemquam</strong></span> <span class='ocrx_word' id='word_1_211' title='bbox 846 2751 1022 2834; x_wconf 88' lang='lat' dir='ltr'><strong>praestare,</strong></span> <span class='ocrx_word' id='word_1_212' title='bbox 1050 2768 1133 2831; x_wconf 83' lang='lat' dir='ltr'><strong>quae</strong></span> 
     </span>
     <span class='ocr_line' id='line_1_29' title="bbox 108 2835 1134 2924; baseline -0.002 -20"><span class='ocrx_word' id='word_1_213' title='bbox 108 2838 268 2923; x_wconf 88' lang='lat' dir='ltr'><strong>loquitur,</strong></span> <span class='ocrx_word' id='word_1_214' title='bbox 295 2859 355 2904; x_wconf 87' lang='lat' dir='ltr'><strong>neo</strong></span> <span class='ocrx_word' id='word_1_215' title='bbox 382 2838 424 2904; x_wconf 96' lang='lat' dir='ltr'><strong>ad</strong></span> <span class='ocrx_word' id='word_1_216' title='bbox 445 2839 609 2924; x_wconf 85' lang='lat' dir='ltr'><strong>exemplar</strong></span> <span class='ocrx_word' id='word_1_217' title='bbox 632 2840 787 2914; x_wconf 84' lang='lat' dir='ltr'><strong>orationis</strong></span> <span class='ocrx_word' id='word_1_218' title='bbox 811 2860 887 2905; x_wconf 88' lang='lat' dir='ltr'><strong>suae</strong></span> <span class='ocrx_word' id='word_1_219' title='bbox 909 2839 1030 2904; x_wconf 79' lang='lat' dir='ltr'><strong>vivere:</strong></span> <span class='ocrx_word' id='word_1_220' title='bbox 1055 2835 1134 2921; x_wconf 91' lang='lat' dir='ltr'><strong>quid</strong></span> 
     </span>
    </p>
   </div>
   <div class='ocr_carea' id='block_1_6' title="bbox 199 3049 792 3120">
    <p class='ocr_par' dir='ltr' id='par_1_7' title="bbox 199 3049 792 3120">
     <span class='ocr_line' id='line_1_30' title="bbox 199 3049 792 3120; baseline 0.003 -16"><span class='ocrx_word' id='word_1_221' title='bbox 199 3049 234 3104; x_wconf 80' lang='lat' dir='ltr'><strong>ll</strong></span> <span class='ocrx_word' id='word_1_222' title='bbox 255 3050 331 3120; x_wconf 66' lang='lat' dir='ltr'><strong>Vere.</strong></span> <span class='ocrx_word' id='word_1_223' title='bbox 346 3050 416 3105; x_wconf 82' lang='lat' dir='ltr'><strong>Aea.</strong></span> <span class='ocrx_word' id='word_1_224' title='bbox 431 3049 544 3106; x_wconf 75' lang='lat'><strong>11&#39;6153</strong></span> <span class='ocrx_word' id='word_1_225' title='bbox 562 3051 613 3118; x_wconf 63' lang='lat' dir='ltr'><strong>oft.</strong></span> <span class='ocrx_word' id='word_1_226' title='bbox 628 3051 705 3120; x_wconf 78' lang='lat' dir='ltr'><strong>epist.</strong></span> <span class='ocrx_word' id='word_1_227' title='bbox 720 3053 792 3118; x_wconf 79' lang='lat'><strong>12,9</strong></span> 
     </span>
    </p>
   </div>
   <div class='ocr_carea' id='block_1_7' title="bbox 110 3171 1136 3607">
    <p class='ocr_par' dir='ltr' id='par_1_8' title="bbox 110 3171 1136 3460">
     <span class='ocr_line' id='line_1_31' title="bbox 200 3171 1133 3244; baseline 0 -16"><span class='ocrx_word' id='word_1_228' title='bbox 200 3173 218 3228; x_wconf 81' lang='lat'>5</span> <span class='ocrx_word' id='word_1_229' title='bbox 236 3173 434 3229; x_wconf 79' lang='lat' dir='ltr'><strong>interdixerint</strong></span> <span class='ocrx_word' id='word_1_230' title='bbox 451 3176 551 3244; x_wconf 73' lang='lat' dir='ltr'><strong>scripsi</strong></span> <span class='ocrx_word' id='word_1_231' title='bbox 565 3173 736 3230; x_wconf 68' lang='lat' dir='ltr'><strong>Groaooim</strong></span> <span class='ocrx_word' id='word_1_232' title='bbox 750 3181 871 3242; x_wconf 73' lang='lat' dir='ltr'><strong>emtas,</strong></span> <span class='ocrx_word' id='word_1_233' title='bbox 885 3173 935 3244; x_wconf 70' lang='lat' dir='ltr'><strong>eui</strong></span> <span class='ocrx_word' id='word_1_234' title='bbox 952 3190 1017 3228; x_wconf 88' lang='lat' dir='ltr'><strong>oum</strong></span> <span class='ocrx_word' id='word_1_235' title='bbox 1031 3171 1133 3240; x_wconf 83' lang='lat' dir='ltr'><strong>&lt;hi&gt;</strong></span> 
     </span>
     <span class='ocr_line' id='line_1_32' title="bbox 110 3243 1136 3318; baseline -0.001 -18"><span class='ocrx_word' id='word_1_236' title='bbox 110 3243 166 3300; x_wconf 85' lang='lat' dir='ltr'><strong>ribi</strong></span> <span class='ocrx_word' id='word_1_237' title='bbox 193 3243 393 3300; x_wconf 87' lang='lat' dir='ltr'><strong>interdixerint</strong></span> <span class='ocrx_word' id='word_1_238' title='bbox 418 3247 489 3301; x_wconf 77' lang='lat' dir='ltr'><strong>coni.</strong></span> <span class='ocrx_word' id='word_1_239' title='bbox 515 3245 695 3301; x_wconf 82' lang='lat' dir='ltr'><strong>interdixerit</strong></span> <span class='ocrx_word' id='word_1_240' title='bbox 715 3246 743 3301; x_wconf 99' lang='lat' dir='ltr'><strong><em>A</em></strong></span> <span class='ocrx_word' id='word_1_241' title='bbox 766 3245 777 3318; x_wconf 77' lang='grc' dir='ltr'><strong>ΙΙ</strong></span> <span class='ocrx_word' id='word_1_242' title='bbox 803 3244 840 3300; x_wconf 81' lang='lat'><strong>14</strong></span> <span class='ocrx_word' id='word_1_243' title='bbox 863 3244 1052 3313; x_wconf 80' lang='lat' dir='ltr'><strong>laudabitque</strong></span> <span class='ocrx_word' id='word_1_244' title='bbox 1072 3244 1100 3299; x_wconf 99' lang='lat' dir='ltr'><strong><em>A</em></strong></span> <span class='ocrx_word' id='word_1_245' title='bbox 1124 3243 1136 3314; x_wconf 89' lang='grc' dir='ltr'><strong>ΙΙ</strong></span> 
     </span>
     <span class='ocr_line' id='line_1_33' title="bbox 110 3314 1135 3402; baseline 0.001 -32"><span class='ocrx_word' id='word_1_246' title='bbox 110 3315 147 3371; x_wconf 80' lang='lat' dir='ltr'><strong>lli</strong></span> <span class='ocrx_word' id='word_1_247' title='bbox 160 3315 252 3370; x_wconf 87' lang='lat' dir='ltr'><strong>inuidi</strong></span> <span class='ocrx_word' id='word_1_248' title='bbox 266 3317 294 3372; x_wconf 99' lang='lat' dir='ltr'><strong><em>A</em></strong></span> <span class='ocrx_word' id='word_1_249' title='bbox 306 3314 317 3388; x_wconf 73' lang='lat' dir='ltr'><strong>ll</strong></span> <span class='ocrx_word' id='word_1_250' title='bbox 330 3315 366 3371; x_wconf 77' lang='lat'><strong>22</strong></span> <span class='ocrx_word' id='word_1_251' title='bbox 380 3314 546 3386; x_wconf 75' lang='lat' dir='ltr'><strong>exprobatio</strong></span> <span class='ocrx_word' id='word_1_252' title='bbox 560 3317 734 3373; x_wconf 75' lang='lat' dir='ltr'><strong>delectorum</strong></span> <span class='ocrx_word' id='word_1_253' title='bbox 743 3318 771 3373; x_wconf 96' lang='lat' dir='ltr'><strong><em>A</em></strong></span> <span class='ocrx_word' id='word_1_254' title='bbox 784 3333 855 3374; x_wconf 71' lang='lat' dir='ltr'><strong>corr.</strong></span> <span class='ocrx_word' id='word_1_255' title='bbox 869 3334 904 3373; x_wconf 72' lang='lat' dir='ltr'><strong>ea</strong></span> <span class='ocrx_word' id='word_1_256' title='bbox 917 3330 934 3372; x_wconf 79' lang='grc' dir='ltr'><strong>ς</strong></span> <span class='ocrx_word' id='word_1_257' title='bbox 948 3315 955 3402; x_wconf 69' lang='grc' dir='ltr'>ι</span> <span class='ocrx_word' id='word_1_258' title='bbox 970 3314 1096 3372; x_wconf 87' lang='lat' dir='ltr'><strong>omniurn</strong></span> <span class='ocrx_word' id='word_1_259' title='bbox 1105 3319 1135 3371; x_wconf 89' lang='lat' dir='ltr'><strong><em>A</em></strong></span> 
     </span>
     <span class='ocr_line' id='line_1_34' title="bbox 110 3386 1133 3460; baseline 0.002 -20"><span class='ocrx_word' id='word_1_260' title='bbox 110 3403 136 3440; x_wconf 67' lang='lat' dir='ltr'><strong>ve</strong></span> <span class='ocrx_word' id='word_1_261' title='bbox 283 3388 353 3460; x_wconf 76' lang='lat' dir='ltr'><strong>eelp.</strong></span> <span class='ocrx_word' id='word_1_262' title='bbox 372 3386 552 3460; x_wconf 84' lang='lat' dir='ltr'><strong>exprobratio</strong></span> <span class='ocrx_word' id='word_1_263' title='bbox 571 3389 745 3445; x_wconf 78' lang='lat' dir='ltr'><strong>detectorum</strong></span> <span class='ocrx_word' id='word_1_264' title='bbox 764 3389 914 3445; x_wconf 86' lang='lat' dir='ltr'><strong>eriminum</strong></span> <span class='ocrx_word' id='word_1_265' title='bbox 933 3390 971 3443; x_wconf 82' lang='lat' dir='ltr'><strong>nt</strong></span> <span class='ocrx_word' id='word_1_266' title='bbox 988 3387 1133 3445; x_wconf 57' lang='lat' dir='ltr'><strong>&amp;alea</strong></span> 
     </span>
    </p>

    <p class='ocr_par' dir='ltr' id='par_1_9' title="bbox 316 3458 1134 3607">
     <span class='ocr_line' id='line_1_35' title="bbox 316 3458 1134 3545; baseline 0.002 -33"><span class='ocrx_word' id='word_1_267' title='bbox 316 3477 341 3512; x_wconf 72' lang='lat' dir='ltr'><strong>a</strong></span> <span class='ocrx_word' id='word_1_268' title='bbox 354 3461 496 3518; x_wconf 70' lang='lat' dir='ltr'><strong>inventam</strong></span> <span class='ocrx_word' id='word_1_269' title='bbox 513 3460 524 3535; x_wconf 86' lang='grc' dir='ltr'><strong>ΙΙ</strong></span> <span class='ocrx_word' id='word_1_270' title='bbox 540 3459 576 3516; x_wconf 70' lang='grc'><strong>28</strong></span> <span class='ocrx_word' id='word_1_271' title='bbox 590 3459 672 3517; x_wconf 89' lang='lat' dir='ltr'><strong>inuiti</strong></span> <span class='ocrx_word' id='word_1_272' title='bbox 688 3462 717 3517; x_wconf 95' lang='lat' dir='ltr'><strong><em>A</em></strong></span> <span class='ocrx_word' id='word_1_273' title='bbox 732 3477 800 3518; x_wconf 79' lang='lat' dir='ltr'><strong>corr.</strong></span> <span class='ocrx_word' id='word_1_274' title='bbox 816 3463 878 3517; x_wconf 73' lang='lat' dir='ltr'><strong>ias</strong></span> <span class='ocrx_word' id='word_1_275' title='bbox 895 3461 906 3545; x_wconf 70' lang='lat' dir='ltr'>u</span> <span class='ocrx_word' id='word_1_276' title='bbox 923 3458 958 3515; x_wconf 69' lang='lat' dir='ltr'><strong>ll</strong></span> <span class='ocrx_word' id='word_1_277' title='bbox 972 3461 1134 3529; x_wconf 82' lang='lat' dir='ltr'><strong>prestareq;</strong></span> 
     </span>
     <span class='ocr_line' id='line_1_36' title="bbox 340 3530 1070 3607; baseline -0.007 -17"><span class='ocrx_word' id='word_1_278' title='bbox 340 3530 373 3590; x_wconf 67' lang='lat'><strong>28</strong></span> <span class='ocrx_word' id='word_1_279' title='bbox 390 3531 531 3592; x_wconf 77' lang='lat' dir='ltr'><strong>orationis</strong></span> <span class='ocrx_word' id='word_1_280' title='bbox 548 3533 618 3607; x_wconf 70' lang='lat' dir='ltr'><strong>vole.</strong></span> <span class='ocrx_word' id='word_1_281' title='bbox 633 3550 647 3591; x_wconf 80' lang='lat' dir='ltr'><strong>e</strong></span> <span class='ocrx_word' id='word_1_282' title='bbox 662 3533 741 3590; x_wconf 77' lang='lat' dir='ltr'><strong>Piae.</strong></span> <span class='ocrx_word' id='word_1_283' title='bbox 754 3532 831 3589; x_wconf 80' lang='lat' dir='ltr'><strong>codd.</strong></span> <span class='ocrx_word' id='word_1_284' title='bbox 851 3531 970 3588; x_wconf 73' lang='lat' dir='ltr'><strong>rahonis</strong></span> <span class='ocrx_word' id='word_1_285' title='bbox 984 3531 1012 3586; x_wconf 95' lang='lat' dir='ltr'><strong><em>A</em></strong></span> <span class='ocrx_word' id='word_1_286' title='bbox 1068 3552 1070 3557; x_wconf 96' lang='lat'>·</span> 
     </span>
    </p>
   </div>
   <div class='ocr_carea' id='block_1_8' title="bbox 0 0 1232 3846">
    <p class='ocr_par' dir='ltr' id='par_1_10' title="bbox 0 0 1232 3846">
     <span class='ocr_line' id='line_1_37' title="bbox 0 0 1232 3846; baseline 0 0"><span class='ocrx_word' id='word_1_287' title='bbox 0 0 1232 3846; x_wconf 95' lang='lat' dir='ltr'><strong> </strong></span> 
     </span>
    </p>
   </div>
  </div>
 </body>
</html>
