2438 3846
348 149 397 204 Du
416 147 481 203 IRA
499 147 566 202 ΜΒ.
581 147 628 206 111.
662 147 739 204 GAP.
754 153 797 204 aa
812 154 847 204 40
1031 151 1110 217 '147

91 294 311 379 creditumque
335 299 414 379 aput
436 295 608 379 plerosque
631 294 730 358 robur
752 293 852 370 cadat.
890 295 1042 381 indignor
1062 317 1113 360 me

90 385 236 460 hercules
266 387 299 449 et
327 405 394 449 non
423 383 552 448 invenio
582 382 711 448 dolendi
738 382 884 467 modum,
908 384 964 449 sed
986 388 1112 469 tempus

91 473 324 559 expectandum
352 476 414 556 est3
444 473 533 538 dabit
560 494 695 557 peena13
725 495 816 537 serva
838 473 925 538 istud
947 473 982 538 in
1005 474 1112 539 animo

90 567 162 628 tuo:
185 585 258 628 cum
277 563 435 648 potueris,
454 567 487 627 et
504 584 564 647 pro
584 584 674 627 mora
692 560 825 627 reddes?
862 563 1019 649 castigare
1037 585 1112 628 varo

58 671 72 714 s
91 653 281 717 irascentem
309 655 341 717 et
367 652 454 717 ultro
483 651 621 717 obirasci
645 651 780 717 incitare
803 654 865 735 est3
894 653 980 717 varie
1004 652 1148 738 adgrea

92 741 188 807 dieris
221 742 416 824 blandeque,
451 740 514 804 nisi
550 740 633 805 forte
670 744 761 805 tanta
796 762 934 825 persona
965 742 1042 825 eris,
1078 746 1116 806 ut

91 832 197 915 possis
234 830 315 895 iram
349 830 580 913 comminuere,
613 829 883 914 quemadmodum
915 830 992 896 fecit
1021 831 1114 896 dirus

91 917 273 1005 Augustus,
300 941 374 985 cum
402 922 530 984 cenaret
555 923 635 1003 aput
657 916 796 984 Vedium
819 917 1008 985 Pollionem.
1054 920 1115 986 fre·

92 1012 183 1095 gerat
200 1031 283 1075 unus
303 1030 343 1073 ex
361 1008 461 1073 servis
480 1009 548 1074 eius
568 1008 804 1093 crustallinum
823 1009 894 1093 rapi
910 1031 983 1074 eum
993 1008 1115 1075 Vedius

45 1118 73 1158 re
92 1098 186 1162 iussit
203 1120 244 1162 ne
262 1098 390 1183 vulgari
410 1098 539 1181 quidem
558 1118 647 1162 more
663 1098 856 1180 periturum:
875 1099 1015 1163 murenis
1030 1098 1116 1164 obici

92 1187 275 1270 iubebatur,
305 1208 385 1270 qaas
415 1187 555 1272 ingentis
586 1187 621 1250 in
650 1187 774 1269 piscina
804 1188 996 1252 continebat.
1043 1189 1115 1272 quis

92 1297 159 1341 non
181 1277 244 1342 hoe
267 1276 360 1340 illum
383 1279 512 1360 putaret
534 1275 680 1340 luxuriae
704 1297 800 1340 causa
818 1274 944 1341 facere?
983 1277 1116 1342 saevitia

92 1368 168 1430 erat.
215 1365 317 1430 evasit
346 1387 364 1429 e
396 1364 543 1430 manibus
573 1386 654 1449 puer
681 1367 714 1429 et
739 1364 887 1450 confugit
909 1365 950 1430 ad
973 1363 1150 1434 (laeserisa

92 1454 189 1538 pedes
211 1454 296 1518 nihil
318 1454 406 1519 aliud
429 1454 602 1538 petiturus,
626 1475 723 1536 quam
746 1458 783 1518 ut
806 1455 899 1518 aliter
921 1455 1054 1539 periret,
1075 1477 1116 1520 nc

47 1564 74 1604 1⁵
93 1565 165 1608 esca
194 1544 293 1608 fieret.
340 1547 447 1608 motus
477 1547 527 1608 est
552 1543 696 1608 novitate
724 1542 923 1608 crudelitatis
947 1541 1062 1608 Caesar
1084 1548 1117 1610 et

93 1632 186 1697 illum
210 1632 340 1716 quidem
363 1632 463 1715 mitti,
486 1632 674 1696 crustallina
697 1636 804 1697 autem
828 1632 936 1696 omnia
957 1652 1065 1697 coram
1083 1655 1117 1698 se

93 1722 200 1807 frangi
232 1722 327 1786 iussit
359 1721 567 1805 complerique
599 1721 765 1804 piscinam.
816 1720 879 1785 fuit
912 1719 1039 1786 Caesari
1071 1723 1152 1788 sica

94 1809 300 1896 castigandus
319 1811 455 1894 amicus3
477 1811 558 1875 bene
577 1832 653 1875 usus
672 1814 722 1874 est
739 1810 862 1874 uiribus
883 1811 961 1875 suis:
994 1809 1024 1876 ‘e
1043 1832 1117 1876 eon·

93 1900 181 1964 rivio
204 1899 275 1985 rapi
298 1900 445 1964 homines
469 1901 607 1984 imperas
628 1903 661 1965 et
678 1901 756 1964 novi
775 1901 900 1985 generis
919 1901 1032 1984 poenis
1050 1901 1118 1964 lan-

48 2009 75 2050 ae
94 1987 217 2054 cinari?
261 1990 288 2053 si
312 1989 396 2054 calix
418 1992 493 2053 tuus
516 1989 638 2054 fractus
662 1992 723 2072 est,
746 1989 870 2054 viscera
891 1989 1032 2054 hominis
1056 1989 1118 2053 dis·

94 2076 284 2143 trahentur?
328 2080 453 2142 tautum
481 2077 542 2142 tibi
570 2077 724 2162 placebis,
752 2081 790 2141 ut
811 2078 858 2142 ibi
880 2079 1021 2162 aliquem
1045 2077 1118 2143 duci

95 2167 218 2249 iubeas,
241 2166 297 2231 ubi
321 2164 437 2231 Caesar
459 2165 545 2231 est?’
588 2167 634 2232 sic
657 2166 709 2231 cui
732 2170 858 2232 tantum
880 2167 1043 2252 potentiae
1061 2170 1153 2250 esta

95 2259 132 2320 ut
155 2256 236 2320 iram
259 2277 299 2320 ex
322 2255 485 2338 superiore
508 2255 581 2321 loeo
603 2256 735 2341 adgredi
753 2256 869 2339 possit,
893 2257 976 2320 male
994 2259 1119 2337 tractet,

96 2347 130 2409 at
159 2346 257 2410 talem
288 2343 467 2427 dumtaxat,
499 2345 626 2428 qualem
656 2345 753 2410 modo
776 2345 900 2428 rettuli,
923 2345 1038 2429 feram,
1060 2346 1118 2409 im·

50 2453 77 2495 rs
96 2455 237 2517 manem,
265 2433 518 2519 sanguinariam,
549 2455 629 2517 quae
659 2435 724 2497 iam
752 2433 939 2498 insanabilis
967 2438 1029 2518 est,
1056 2435 1118 2498 nisi

96 2523 199 2588 maius
223 2522 346 2606 aliquid
369 2523 527 2588 extimuit.

186 2732 203 2788 1
223 2732 316 2787 cadat.
336 2732 420 2787 alteri
443 2733 576 2803 indignor
597 2733 638 2800 A,
661 2733 708 2788 scd
729 2732 812 2787 alteri
831 2734 945 2802 paracta
961 2747 1077 2802 superae
1094 2741 1120 2788 et

96 2805 205 2873 inferne
223 2805 328 2859 additia
346 2805 462 2860 deleam
480 2811 534 2871 eet5
551 2806 583 2858 ia
602 2805 629 2858 L
646 2821 704 2859 aaa
722 2805 821 2875 legitur
844 2803 855 2876 {l
878 2803 897 2858 8
912 2811 976 2872 poet
993 2804 1070 2858 istud
1088 2806 1120 2859 ia

41 2892 48 2912 ·
97 2876 126 2929 A
141 2891 232 2944 parca
249 2892 351 2931 rasura
369 2882 408 2931 ert
431 2876 442 2948 ll
466 2875 484 2931 4
506 2875 632 2946 potueris
650 2877 693 2943 A,
715 2876 762 2931 sed
780 2893 800 2928 u
817 2892 875 2930 aa.
890 2876 955 2929 add.
974 2877 1037 2943 fort.
1051 2875 1094 2930 A²
1109 2877 1120 2946 ll

97 2945 115 3000 a
134 2949 171 3015 (et
188 2945 233 3016 16)
253 2947 450 3001 crustallinum
464 2948 493 3002 A
511 2946 561 3013 cfr.
577 2949 653 3016 epist.
670 2950 759 3014 123,7
773 2949 813 3016 (p.
829 2949 943 3015 5aa,19)
962 2947 972 3019 ll
991 2947 1026 3001 10
1043 2964 1119 3001 more

97 3016 126 3070 A
153 3020 243 3072 morte
270 3019 338 3088 vulp.
366 3019 377 3090 ll
403 3017 440 3072 20
465 3016 620 3088 eicalixltus
643 3018 686 3073 A¹
713 3035 781 3073 cerr.
804 3020 868 3085 jort.
888 3019 981 3072 eadem
1003 3035 1089 3072 marcu
1110 3017 1121 3090 ll
1165 3040 1168 3047 ·

97 3086 134 3140 22
152 3088 194 3142 sic
212 3088 258 3142 cui
276 3105 311 3143 cx
328 3102 346 3143 ς
366 3089 447 3144 Gertz
465 3089 537 3144 sicui
550 3090 587 3144 A.
617 3090 690 3144 hanc
704 3091 914 3159 paragraphum
933 3091 984 3159 (5),
1002 3106 1071 3158 errae
1089 3091 1121 3144 ia

98 3159 263 3215 editicmtaa
281 3162 359 3231 volpe
373 3163 468 3230 prima
486 3162 586 3230 capitis
600 3165 634 3215 41
651 3167 702 3228 ert,
715 3161 902 3228 superioribas
915 3161 1120 3229 adiwapeadam

98 3236 125 3285 et
141 3232 207 3286 amri
224 3233 324 3300 capita
342 3238 367 3287 et
385 3232 485 3302 epilcpr'
503 3233 615 3287 initiam
629 3249 648 3286 a
661 3232 713 3303 §2
737 3231 841 3286 Pacem
856 3232 954 3285 demus
968 3233 1062 3285 animo

98 3302 262 3357 ordiendam
280 3319 335 3358 cerr
352 3303 446 3359 docuit
464 3303 546 3358 aaa
564 3303 713 3358 auderit.
728 3307 887 3372 p.1023q.;
904 3304 962 3357 iam
979 3319 1036 3358 aaa
1053 3319 1121 3372 opas

97 3389 155 3428 cese
178 3380 295 3443 apparet
319 3376 436 3430 lacunae
460 3376 561 3445 epam,
586 3391 656 3443 qaae
681 3373 816 3428 Gruterus
839 3381 865 3430 et
882 3374 999 3443 IApsias
1017 3376 1072 3429 ir*

98 3441 150 3569 {dt
168 3450 233 3571 praet
250 3445 332 3501 certa
352 3445 408 3500 nisi
426 3445 517 3500 maius
537 3444 647 3513 aliquid
665 3444 804 3500 extimuit.
831 3451 982 3516 pascuam
1004 3444 1016 3517 ΙΙ

144 3557 151 3570 .
209 3531 278 3572 caca

882 3617 940 3673 W
