2438 3846
296 168 346 222 AD
366 166 543 223 SERENVM
561 167 610 221 DE
630 165 715 223 OTIO
736 164 845 220 CAN
1016 167 1081 233 237

58 321 124 382 tem
147 315 241 402 signe
262 314 441 399 perducens
463 315 587 379 nullam
609 335 677 378 non
699 314 825 398 partem
848 312 899 377 sni
920 311 1083 396 explicuit,

58 409 97 471 ut
124 428 182 491 per
210 403 305 488 haec,
333 425 415 488 quae
442 403 605 488 optulerat
635 402 737 468 oculis
761 401 845 485 eius,
873 400 1084 486 cupiditatem

58 495 178 561 faceret
207 493 305 559 etiam
335 497 522 558 ceterorum.
569 513 630 558 nec
657 491 744 557 enim
772 490 882 556 omnia
907 511 967 556 nec
994 493 1120 555 tantu

59 584 193 649 visimus
222 584 343 668 quanta
365 585 456 665 sunt,
485 581 540 646 sed
568 581 652 647 acies
679 585 792 646 nostra
819 579 922 666 aperit
948 579 1011 646 sibi
1038 579 1086 644 in·

26 696 39 735 a
58 671 240 760 vestigandi
262 671 348 737 viam
371 674 408 737 et
426 669 636 736 fundamenta
653 691 731 736 vero
747 668 839 754 iacit,
861 673 899 734 ut
916 668 1085 754 inquisitio

60 766 204 828 transeat
229 784 270 827 ex
291 761 411 846 apertis
434 760 470 825 in
499 760 636 827 obscure
665 763 698 826 et
722 759 845 845 aliquid
868 760 940 844 ipso
964 758 1086 824 mundo

60 852 204 917 inveniat
236 850 416 935 antiquius:
457 849 542 916 unde
578 851 641 915 ista
683 849 790 917 sidera
827 849 977 933 exierint3
1014 848 1086 933 quis

59 941 158 1006 fuerit
198 939 341 1005 universi
381 942 498 1023 status,
541 943 714 1024 antequam
752 939 881 1026 singula
912 939 947 1003 in
978 941 1087 1024 partes

60 1029 274 1115 discederent3
309 1050 391 1115 quae
427 1029 510 1095 ratio
546 1050 652 1094 merse
682 1032 715 1094 et
747 1023 882 1095 confusa
913 1027 1088 1111 diduxerit,

15 1143 41 1183 ro
61 1118 133 1205 quis
169 1120 243 1185 loca
278 1120 374 1184 rebus
411 1118 642 1205 adsignaverit,
679 1122 792 1203 suapte
826 1122 944 1183 natura
976 1117 1088 1204 gravia

60 1209 296 1293 descenderint,
323 1208 522 1274 evolaverint
543 1209 640 1291 levia,
664 1226 706 1274 an
727 1212 855 1292 praeter
876 1207 985 1273 nisum
1008 1228 1088 1292 pon·

60 1298 184 1383 dusque
203 1319 376 1382 corporum
391 1297 487 1363 altior
501 1297 610 1382 aliqua
623 1298 672 1362 vis
685 1298 792 1385 legem
806 1298 943 1384 singulis
958 1295 1088 1380 dixerit3

60 1410 103 1454 au
139 1388 221 1453 illud
252 1410 365 1453 verum
397 1388 453 1473 sit,
485 1409 550 1473 quo
582 1386 720 1452 maxime
752 1388 909 1471 probatur
939 1385 1087 1452 homines

61 1477 163 1543 divini
181 1499 251 1544 esse
269 1477 417 1563 spiritus,
436 1482 561 1561 partem
581 1500 619 1544 ac
637 1477 738 1542 veluti
757 1477 914 1542 scintillas
933 1474 1088 1561 quasdam

14 1589 41 1630 rs
61 1570 222 1632 astrorum
240 1567 276 1632 in
293 1573 413 1632 terram
433 1566 600 1632 desiluisse
613 1570 717 1650 atque
731 1566 835 1630 alieno
850 1567 923 1631 loco
936 1565 1087 1631 haesisse.

61 1655 217 1743 cogitatio
247 1660 359 1723 nostra
389 1657 468 1721 caeli
497 1658 697 1721 munimenta
723 1655 904 1740 perrumpit
930 1677 990 1720 nec
1014 1665 1123 1720 con-o

61 1749 152 1812 tenta
186 1748 236 1811 est
269 1745 316 1829 id,
352 1745 439 1830 quod
474 1744 669 1828 ostenditur,
705 1746 800 1810 scire:
838 1743 949 1809 ‘illud’
981 1744 1091 1828 inquit.

62 1835 215 1920 ‘scrutor,
240 1836 328 1920 quod
350 1837 437 1900 ultra
459 1833 617 1899 mundum
639 1835 736 1919 iacet,
759 1838 909 1899 utrumne
927 1833 1089 1918 profunda

61 1925 195 1990 vastitas
229 1927 273 1990 sit
300 1948 342 1989 an
369 1931 402 1991 et
431 1926 494 1991 hoc
521 1924 629 2009 ipsum
656 1923 803 1988 terminis
832 1925 898 1989 suis
926 1923 1089 2005 cludatur;

15 2035 43 2077 so
62 2014 167 2099 qualis
197 2015 242 2079 sit
270 2013 401 2080 habitus
429 2015 582 2097 exclusis,
613 2013 765 2078 informia
793 2018 825 2078 et
853 2014 987 2078 confusa
1015 2013 1088 2095 sint,

61 2103 98 2168 in
129 2124 259 2169 omnem
291 2107 416 2188 partem
447 2103 639 2168 tantundem
670 2102 736 2168 loci
764 2102 958 2186 optinentie,
987 2124 1029 2166 an
1057 2105 1090 2166 et

61 2192 120 2257 illa
141 2191 178 2257 in
200 2192 342 2278 aliquem
365 2193 490 2258 cultum
514 2192 670 2277 discripta
692 2193 771 2277 sint3
797 2192 874 2258 huic
897 2192 1089 2256 cohaereant

62 2280 199 2364 mundo,
229 2304 270 2347 an
301 2283 399 2368 longe
429 2282 470 2346 ab
500 2282 563 2348 hoc
586 2282 775 2348 secesserint
798 2285 830 2346 et
852 2280 907 2347 hic
929 2281 964 2345 in
986 2301 1088 2345 vacuo

62 2371 264 2454 volutentur,
301 2372 467 2437 individua
505 2372 583 2455 sint,
620 2393 679 2457 per
710 2392 792 2455 quae
825 2372 962 2437 struitur
993 2391 1089 2436 omne

16 2481 44 2522 ae
63 2460 151 2546 quod
177 2463 291 2526 natum
319 2460 530 2545 futurumque
557 2465 619 2542 est,
647 2483 690 2525 an
712 2460 866 2525 continua
889 2481 1000 2524 eorum
1025 2481 1089 2523 ma-

62 2549 145 2616 teria
168 2549 212 2616 sit
233 2553 267 2615 et
288 2571 346 2634 per
368 2552 475 2616 totum
495 2549 674 2634 mutabilis3
696 2553 807 2614 utrum
826 2549 987 2615 contraria
1005 2550 1091 2613 inter

63 2660 99 2705 se
122 2639 281 2704 elementa
303 2638 383 2724 sint,
405 2661 447 2704 an
470 2661 537 2705 nou
554 2641 702 2725 pugnent
720 2639 777 2704 sed
795 2661 853 2724 per
871 2638 997 2704 diversa
1015 2660 1089 2703 con·

153 2832 170 2886 1
198 2832 356 2902 perducens
382 2851 458 2890 caus
481 2847 499 2889 s
525 2836 558 2890 in
581 2850 668 2904 ream.
697 2833 853 2903 perducent
876 2835 904 2889 A
930 2837 1090 2904 producens

70 2903 215 2959 Wesenber
262 2904 272 2978 11
303 2904 321 2970 2
349 2905 508 2976 cupiditate
531 2905 559 2960 A
590 2905 601 2978 11
631 2904 650 2959 8
678 2907 834 2961 ceterorum
860 2908 888 2961 A
918 2912 1090 2963 secretorum

66 2975 193 3031 Eussner
209 2976 213 3050 1
239 2976 254 3031 l
273 2976 423 3032 inueniant
437 2980 464 3034 A
483 2978 489 3050 1
510 2977 605 3032 sidera
623 2977 780 3032 deleverunt
794 2979 891 3033 Haase
905 2985 931 3033 et
945 2980 1064 3051 Mudoiq
1080 2981 1091 3054 11

65 3045 85 3102 9
102 3045 312 3104 discederents
330 3049 534 3105 descenderent
547 3049 576 3104 A
596 3049 600 3123 1
621 3064 714 3103 mersa
728 3051 756 3104 A
776 3049 863 3103 mista
880 3051 962 3107 malit
981 3052 1064 3107 Gertz
1080 3060 1091 3115 ΙΙ

66 3118 101 3173 11
120 3119 214 3174 nisum
228 3121 326 3176 Mcret
342 3121 437 3175 uisum
451 3122 479 3176 A
508 3121 511 3193 1
535 3120 570 3176 15
588 3123 728 3176 astrorum
742 3121 860 3190 Lipsius
878 3138 1021 3177 sacrorum
1034 3126 1063 3179 A
1084 3125 1088 3193 1

66 3190 210 3246 resiluisse
227 3191 256 3246 A
281 3209 349 3247 corr.
368 3194 438 3264 eoly.
458 3192 469 3265 11
511 3192 530 3248 8
548 3192 626 3248 ultra
646 3193 691 3248 col
710 3237 716 3248 .
737 3193 814 3247 intra
834 3193 862 3248 A
882 3194 892 3266 11
914 3193 950 3248 20
968 3194 1090 3250 informa

67 3263 95 3317 A
116 3263 120 3334 1
142 3262 211 3330 sint,
231 3262 261 3316 in
275 3263 395 3334 Madvig
414 3264 471 3319 siut
490 3279 527 3320 an
545 3264 576 3319 in
590 3267 618 3321 A
636 3264 646 3338 11
718 3263 766 3319 hic
784 3265 858 3334 quod
870 3264 914 3320 ecl
932 3266 1091 3337 olcbicr'tm,

68 3332 134 3390 berre
160 3333 284 3419 defendit
310 3335 347 3391 Ε,
373 3336 492 3392 Thomas
519 3337 625 3404 (Herm.
647 3335 795 3392 XXVIII
811 3281 941 3407 12283i,
964 3339 1017 3393 clr'i
1043 3337 1090 3394 hic

32 3461 39 3474 ,
67 3411 177 3462 mutant
197 3407 230 3462 irs
252 3422 293 3462 sic
314 3408 357 3463 cel
379 3405 439 3462 illio
458 3406 529 3464 oeli
564 3423 594 3476 o,
617 3407 754 3465 Saloatum
776 3410 846 3463 coni.
869 3407 952 3463 hiatu
974 3424 1062 3466 vacuo
1080 3410 1091 3484 11

67 3473 105 3531 tl
120 3483 183 3546 port
199 3476 348 3533 individua
366 3477 498 3535 escidium
544 3481 628 3536 mro
645 3478 700 3534 oid.
720 3477 917 3533 immutabilia
933 3479 1001 3532 cett.
1011 3480 1107 3540 ΒΜ.

69 3546 163 3604 Loert.
178 3551 209 3603 X
222 3552 259 3604 64
275 3547 287 3622 11
297 3546 339 3605 tl
358 3551 469 3622 pugna
482 3551 511 3608 A
