2438 3846
253 142 303 198 DE
322 134 555 199 CONSTANTIA
573 142 760 200 SAPIENTIS
780 143 857 202 cAP.
874 151 907 201 18
1046 150 1091 216 43

67 289 226 356 Chaereae
245 292 371 375 contra,
388 289 518 356 tribuno
533 290 688 375 militum,
698 313 810 356 sermo
829 314 896 357 non
913 313 973 377 pro
993 316 1091 359 manu
1109 313 1126 361 3

68 384 150 463 erat,
180 379 353 466 languidus
387 401 466 446 sono
499 384 545 464 et,
575 380 611 444 ni
639 380 726 446 facta
747 403 873 466 nosses,
904 382 1091 468 suspectior.

67 470 144 535 huic
167 466 265 536 Gaius
288 469 417 555 signum
440 470 563 553 petenti
583 470 681 535 modo
695 469 843 554 Veneris,
865 472 963 537 modo
981 470 1092 558 Priapi

66 558 164 625 dabat
186 560 280 625 aliter
302 563 399 643 atque
422 559 515 624 aliter
538 560 734 643 exprobrans
758 563 881 625 armato
904 562 1092 647 mollitiam

35 649 146 714 shaec
170 649 240 733 ipse
268 649 466 733 perlucidus,
496 648 692 733 crepidatus,
719 652 857 716 auratus.
904 652 1011 738 coegit
1033 654 1091 716 ita·

67 759 130 822 que
161 738 255 803 illum
287 739 336 802 uti
368 739 468 821 ferro,
498 759 539 802 no
572 740 698 822 saepius
726 739 855 825 signum
877 743 1013 823 peteret:
1036 741 1092 806 ille

65 827 189 911 primus
219 828 304 892 inter
326 829 510 893 coniuratos
534 849 666 893 manum
689 829 834 912 sustulit,
855 828 912 894 ille
934 829 1091 896 cervicem

65 916 204 982 mediam
236 939 301 982 uno
334 917 402 982 ictu
434 916 565 1001 deeidic3
597 917 773 1002 plurimum
806 918 919 984 deinde
949 920 1091 1004 undique

64 1005 210 1091 publicas
243 1029 280 1072 ao
312 1007 453 1092 privatas
485 1006 618 1074 iniurias
650 1007 874 1074 ulciscentium
909 1008 1091 1095 gladiorum

20 1117 46 1156 ιο
64 1097 227 1182 ingestum
252 1100 314 1177 est,
344 1097 399 1163 sed
430 1097 553 1180 primus
577 1097 627 1161 vir
653 1097 730 1180 fuit,
760 1098 816 1182 qui
846 1098 979 1163 minimo
1001 1099 1090 1165 visus

64 1189 122 1251 est.
154 1188 188 1252 at
206 1185 290 1250 idem
306 1183 403 1251 Gaius
424 1186 533 1251 omnia
556 1186 766 1253 contumelias
790 1188 938 1272 putabat,
960 1192 997 1252 ut
1016 1190 1125 1253 sunt4

63 1274 266 1341 ferendarum
289 1275 482 1359 inpatientes
505 1276 725 1342 faciendarum
748 1277 963 1363 cupidissimi,
990 1278 1090 1344 iratus

63 1364 128 1429 fuit
149 1360 313 1430 Herennio
343 1364 468 1449 Macro,
498 1365 586 1450 quod
615 1366 708 1431 illum
739 1363 855 1432 Gaium
888 1368 1090 1452 salutaverat,

62 1474 123 1518 neo
145 1454 277 1538 impune
301 1456 396 1520 cessit
419 1455 627 1539 primipilari,
650 1456 737 1540 quod
754 1453 934 1542 Caligulam
953 1456 1090 1541 dixerat,

18 1562 43 1603 rs
62 1543 126 1609 hoe
149 1544 236 1609 enim
257 1544 292 1608 in
314 1544 428 1610 cestris
451 1548 545 1610 natus
565 1548 597 1609 et
620 1545 770 1612 alumnus
791 1546 957 1631 legionum
980 1546 1090 1611 vocari

62 1632 199 1716 solebat,
230 1633 322 1696 nullo
354 1636 486 1698 nomine
519 1635 676 1700 militibus
708 1634 900 1700 familiarior
934 1656 1089 1720 umquam

61 1721 181 1805 factus,
204 1721 259 1786 sed
283 1722 347 1786 iam
367 1720 547 1809 Caligulam
571 1722 753 1788 convicium
777 1727 809 1788 et
831 1725 986 1808 probrum
1009 1724 1090 1788 iudi-

61 1810 155 1875 cabat
185 1815 381 1877 coturnatus.
428 1835 505 1899 ergo
532 1813 596 1879 hoc
618 1814 726 1897 ipsum
750 1814 870 1879 solacio
894 1814 969 1898 erit,
991 1813 1124 1878 etiams

60 1899 89 1964 si
111 1903 224 1967 nostra
245 1902 384 1968 facilitas
408 1904 566 1968 ultionem
592 1904 750 1988 omiserit,
779 1903 924 1969 futurum
948 1903 1089 1987 aliquem

15 2009 42 2050 so
60 1989 118 2073 qui
149 2012 270 2075 poenas
300 1992 409 2077 exigat
436 2016 456 2056 a
483 2013 618 2076 procace
642 1998 674 2058 et
697 1994 834 2078 superbo
863 1998 895 2057 et
922 1993 1089 2077 iniurioso,

60 2100 143 2163 quas
165 2081 246 2145 vitia
276 2102 442 2164 nunquam
475 2081 510 2145 in
541 2102 606 2146 uno
639 2082 770 2147 homine
797 2086 829 2147 et
861 2082 896 2146 in
922 2104 987 2147 una
1014 2102 1088 2147 oon-

59 2168 194 2235 tumelia
235 2174 478 2236 consumuntur.
533 2171 742 2256 respiciamus
783 2193 895 2236 eorum
933 2171 1088 2257 exempla,

60 2281 199 2343 quorum
221 2259 391 2326 laudamus
415 2261 618 2347 patientiam,
643 2265 680 2326 ut
703 2259 859 2345 Socratis,
883 2262 939 2345 qui
963 2283 1088 2327 cornoe

58 2347 186 2414 diarum
216 2349 398 2434 publicatos
428 2352 463 2415 in
493 2372 526 2416 so
556 2353 588 2415 et
616 2354 776 2435 spectatos
800 2352 881 2416 sales
905 2351 940 2414 in
962 2354 1087 2435 partem

12 2455 40 2498 re
56 2437 178 2503 bonam
202 2441 327 2524 accepit
349 2439 484 2524 risitque
506 2462 574 2504 non
591 2441 699 2522 minus
719 2462 815 2525 quam
835 2461 909 2505 cum
928 2441 968 2505 ab
986 2462 1086 2505 uxore

57 2524 246 2612 Xanthippe
280 2529 436 2618 inmunda
472 2551 556 2613 aqua
591 2529 844 2614 perfunderetur.
900 2528 1086 2595 Antistheni

57 2618 162 2681 mater
191 2616 328 2683 barbara
360 2622 392 2684 et
424 2617 581 2685 Thraessa
613 2619 824 2702 obiciebatur,
855 2616 1021 2702 respondit
1054 2623 1087 2685 et

57 2705 193 2772 deorum
215 2710 352 2772 matrem
375 2706 504 2774 Idaeam
527 2731 604 2776 esse.

149 2827 166 2883 1
193 2829 291 2885 cherre
320 2830 505 2903 econtribuno
529 2830 571 2887 Α1
598 2832 713 2905 cherrep
734 2829 922 2902 [scontribuno
947 2832 988 2887 A⁸
1015 2847 1083 2887 corr.
1159 2867 1161 2872 -

57 2899 222 3028 θονιιᾎῖ
245 2901 398 2972 languidos
418 2902 461 2958 A⁸
482 2902 548 2958 -dos
566 2903 608 2958 Αι
632 2903 635 2975 l
665 2903 696 2957 in
714 2906 800 2973 pacta
818 2903 910 2959 noctis
929 2903 1085 2974 suspectio·

56 2973 152 3056 coci..
185 2979 242 3028 crta
272 2973 395 3077 infrenata
420 2989 538 3058 voces·
560 2975 708 3059 ediante
728 2975 806 3060 Eiet.
832 2975 842 3045 ll
870 2973 995 3030 amodo
1020 2983 1084 3032 anta

56 3058 226 3189 iasar.
239 3044 421 3186 uisu
435 3045 1087 3188 actitasseaurelium
1192 3094 1194 3100 ν

55 3189 164 3258 putans
186 3189 220 3243 ut
237 3188 377 3260 Bospara.
396 3201 466 3245 aas
489 3187 666 3258 putabat-
689 3190 719 3244 et
741 3192 807 3245 sunt
825 3188 954 3259 <fere>
977 3189 1083 3246 ferend.

56 3301 63 3314 .
82 3301 89 3312 .
105 3302 111 3314 .
128 3275 190 3328 cup.
207 3260 291 3316 Gertz
310 3264 445 3330 <oum>
462 3264 584 3316 contum.
604 3263 721 3331 putaret
734 3262 895 3334 Petscbcns'p
911 3261 922 3334 ΙΙ
939 3259 975 3316 18
988 3277 1083 3316 macro

54 3346 128 3386 corr.
143 3348 178 3386 ec
195 3348 290 3387 marco
307 3333 372 3400 fort.
388 3331 430 3389 Αι
445 3332 455 3405 Η
472 3331 508 3386 16
526 3332 842 3404 familiariorlluaquam
858 3332 969 3405 21⁸0)ss
986 3332 1022 3388 18
1038 3349 1084 3387 co-

54 3399 211 3458 thurnatus
239 3406 319 3460 Piae.
335 3421 369 3460 ea
387 3404 460 3460 Suet.
479 3403 536 3460 Oal.
552 3409 596 3471 52,
615 3406 663 3461 sed
685 3406 736 3473 cfr.
753 3405 847 3460 Hense
865 3404 903 3460 ad
921 3406 997 3473 epist.
1014 3408 1084 3471 7⁶38

53 3475 98 3544 (p.
110 3477 175 3542 268,
184 3478 213 3544 7)
227 3474 412 3530 conturbatus
427 3477 455 3531 A
473 3475 483 3548 Η
500 3475 537 3530 28
555 3479 680 3531 socrates
694 3479 722 3533 A
736 3476 743 3552 l
764 3471 801 3532 24
814 3479 844 3532 et
857 3477 1093 3547 spectatosoctu.

54 3549 223 3616 expectatos
236 3549 265 3604 A
280 3546 346 3622 1127
365 3547 512 3605 ethracssa
526 3549 556 3606 A
574 3567 647 3610 corr.
661 3553 732 3610 aab
753 3548 819 3627 lus
839 3549 976 3620 'rujam
996 3545 1072 3599 rix-'⁴
