2438 3846
185 209 236 264 AD
254 208 446 266 POLYBIVM
464 208 514 263 DE
534 207 814 264 consonamque]
834 206 911 262 GAP.
928 214 984 262 tl
1032 209 1098 277 315

71 355 219 441 potentia
246 377 373 421 summa
400 358 589 421 conservata
612 353 820 439 abstinentia,
848 354 933 419 nihil
956 355 1098 421 sincerus

71 448 105 511 et
137 448 227 511 tutus
258 445 440 511 litterarum
472 466 576 527 amor,
607 443 692 509 nihil
724 444 763 508 ab
792 444 882 508 omni
908 444 981 509 labe
1008 463 1099 509 mens

71 533 212 600 vacans?
256 536 349 620 luget
371 533 542 618 Polybius,
565 536 597 598 et
620 535 655 598 in
677 555 743 598 uno
766 532 865 598 fratre
889 533 967 618 quid
991 533 1031 599 de
1052 554 1100 598 re

70 623 171 708 liquis
194 625 299 708 possit
321 627 464 689 metuere
487 623 672 688 admonitus
696 623 793 687 etiam
817 622 857 687 de
880 622 959 708 ipsis
979 622 1100 688 doloris

38 713 124 780 seui
148 713 276 779 solaciis
299 714 401 779 timet.
447 713 573 779 facinus
597 712 784 798 indignum!
828 711 921 799 luget
943 710 1100 796 Polybius

72 806 105 868 et
142 802 266 888 aliquid
302 802 446 887 propitio
479 802 568 867 dolet
600 799 748 868 Caesarei
793 799 857 866 hoo
889 801 959 866 sine
992 801 1100 885 dubio,

72 892 234 978 impotens
270 893 415 975 fortuna,
456 890 608 978 captasti,
644 894 681 954 ut
718 890 902 956 ostenderes
938 891 1100 957 neminem

73 984 186 1047 contra
208 984 241 1047 te
262 1004 305 1046 ne
328 1005 348 1046 a
371 979 504 1046 Caesare
529 980 661 1064 quidem
684 1001 780 1065 posse
804 978 954 1045 defendi?

162 1086 218 1154 IV.
256 1087 339 1175 [23]
362 1087 495 1153 Diutius
515 1109 665 1153 accusare
683 1087 752 1152 fata
769 1108 957 1173 possumus,
975 1091 1101 1153 mutare
1121 1103 1135 1153 1

24 1201 53 1242 ro
71 1200 139 1244 non
166 1199 352 1263 possumus:
383 1182 470 1243 stant
498 1177 578 1241 dura
606 1180 640 1242 et
666 1176 893 1261 inexorabilia3
921 1198 1017 1242 nemo
1045 1177 1102 1244 illa

73 1267 234 1351 convicio,
263 1288 359 1332 nemo
390 1267 484 1349 fletu,
512 1287 608 1332 nemo
641 1286 737 1332 causa
767 1269 890 1350 moret3
919 1265 1004 1330 nibil
1032 1288 1101 1331 um-

74 1377 171 1441 quam
201 1357 262 1421 ulli
291 1360 429 1441 parcunt
455 1378 516 1422 nec
542 1356 722 1421 remittunt.
767 1356 904 1441 proinde
931 1375 1102 1440 parcamus

23 1519 26 1524 ,
72 1445 215 1512 lacrimis
242 1444 328 1510 nihil
354 1445 614 1531 proficientibus3
640 1445 770 1511 facilius
798 1446 885 1510 enim
906 1466 966 1510 nos
990 1443 1101 1510 inferis

73 1535 168 1602 dolor
190 1536 251 1601 iste
274 1535 392 1601 adiciet
416 1551 513 1621 quam
537 1536 611 1600 illos
634 1535 729 1600 nobis
752 1534 896 1600 reducet:
921 1534 978 1618 qui
996 1534 1101 1599 sinos

27 1629 218 1710 retorquet,
249 1646 317 1691 non
348 1625 494 1710 adiuvat,
526 1626 632 1710 primo
666 1646 796 1708 quoque
827 1627 974 1709 tempore
1006 1624 1103 1709 depo·

73 1715 198 1781 nendus
227 1718 276 1779 est
305 1718 337 1780 et
365 1715 404 1779 ab
433 1714 583 1779 inanibus
612 1713 740 1780 solaciis
769 1716 866 1798 atque
895 1734 1004 1778 amara
1027 1734 1102 1798 qus·

73 1803 149 1870 dam
184 1803 321 1869 libidine
358 1803 488 1869 dolendi
525 1804 652 1868 animus
688 1802 892 1888 recipiendus
924 1805 982 1868 est.
1026 1817 1137 1867 mama

72 1894 217 1960 lacrimis
243 1893 365 1959 nostris
392 1895 457 1959 uisi
484 1894 567 1958 ratio
596 1894 694 1958 finem
722 1892 849 1975 fecerit,
878 1891 1010 1957 fortuna
1036 1913 1103 1956 non

73 1983 180 2049 faciet.
227 1983 332 2048 omnis
374 1983 513 2068 agedum
554 1983 700 2048 mortalis
742 1982 968 2066 circumspice,
1012 1981 1104 2067 larga

29 2095 56 2136 so
74 2072 195 2158 ubique
225 2072 324 2137 fiendi
352 2076 384 2137 et
411 2071 546 2139 adsidua
574 2072 708 2137 materia
736 2075 797 2137 est:
828 2071 928 2136 alium
956 2070 997 2135 ad
1025 2071 1103 2136 coti*

75 2161 206 2227 dianam
238 2182 321 2247 opus
349 2161 514 2226 laboriosa
543 2165 669 2247 egestae
698 2164 808 2245 vocat,
838 2160 938 2226 alium
967 2159 1102 2224 ambitio

74 2270 253 2334 numquam
284 2250 393 2335 quieta
420 2251 590 2334 sollicitat,
619 2250 702 2316 alius
730 2250 874 2333 divitias,
905 2271 984 2334 quas
1013 2251 1104 2334 opta·

74 2344 179 2424 verat,
216 2340 332 2405 metuit
368 2344 400 2406 et
437 2343 514 2406 voto
550 2339 677 2404 laborat
714 2360 787 2424 suo,
823 2339 923 2404 alium
961 2338 1103 2404 solitudo

76 2429 192 2514 [alium
218 2428 325 2514 labor]
352 2433 497 2514 torquet,
525 2430 625 2494 alium
649 2449 775 2513 semper
798 2428 996 2494 vestibulum
1020 2427 1104 2494 obsi·

30 2539 57 2582 ss
76 2518 155 2585 dans
177 2520 287 2603 turba3
309 2519 364 2585 hic
386 2519 505 2585 habere
524 2540 558 2584 se
577 2518 666 2584 dolet
683 2518 816 2602 liberos,
839 2517 894 2583 hic
912 2516 1103 2603 perdidisse:

166 2729 185 2784 2
202 2731 282 2787 tutus
304 2730 327 2786 0
349 2730 422 2800 qaod
439 2736 509 2785 recte
527 2729 651 2796 defendit
671 2728 781 2784 Gronov
803 2731 890 2798 putus
910 2729 1008 2784 Mares
1027 2729 1103 2782 totus

77 2801 277 2926 Schultessutqt
294 2800 363 2870 quid
380 2800 406 2856 G
424 2801 582 2856 Pincianus
600 2799 735 2870 quicquid
753 2800 775 2855 0
792 2799 802 2872 ΗΗ
821 2799 856 2854 12
873 2799 927 2853 ulli
940 2802 1062 2868 parcunt
1075 2800 1104 2854 B

76 2875 200 2943 parcunt
248 2873 310 2929 lio
332 2872 343 2944 ΗΗ
367 2872 403 2927 la
424 2871 523 2926 inieris
546 2873 659 2941 scripsi,
677 2872 750 2940 qaod
768 2870 932 2926 Schultessio
967 2872 1105 2940 coqueio

76 2950 192 3013 meatem
209 2946 298 3012 veuit,
316 2945 365 3013 qui
382 2950 474 2999 tamea
496 2943 570 2998 fletis
588 2943 726 3013 praetulit
748 2941 805 2996 illis
825 2942 934 2998 ocV·
960 2959 991 2996 os
1009 2942 1039 2997 D
1060 2940 1104 2995 illi

76 3017 146 3085 votq.
169 3014 179 3088 ΗΗ
204 3014 240 3070 14
259 3014 339 3069 dolor
356 3015 411 3069 iste
429 3015 534 3070 BEH'
553 3014 634 3069 dolor
647 3015 678 3070 D
698 3013 778 3068 dolor
796 3013 845 3067 isti
863 3013 889 3068 G
911 3014 914 3086 Η
936 3030 1021 3083 quam
1040 3012 1103 3068 illos

77 3086 143 3141 BE
159 3090 187 3157 (o
206 3089 239 3141 ia
256 3087 323 3155 rus.)
341 3086 377 3140 H
380 3086 440 3142 GV
453 3101 539 3155 quam
558 3086 623 3140 illas
642 3086 673 3140 D
696 3102 782 3154 quam
801 3084 882 3139 illum
900 3086 969 3155 oola.
989 3084 1105 3140 addicet

78 3171 165 3226 quam
179 3158 302 3212 'amissos
316 3157 411 3226 Pauly
432 3156 435 3226 Η
456 3155 538 3210 nobis
552 3158 588 3212 H
602 3162 633 3211 at
646 3158 715 3227 ooty.
736 3172 754 3209 a
767 3155 849 3210 nobis
865 3155 921 3213 OG
939 3156 976 3210 ad
991 3172 1041 3209 nos
1055 3157 1079 3210 V
1098 3156 1101 3226 Η

77 3228 196 3283 reducet
214 3228 238 3285 0
253 3227 397 3283 reducent
414 3229 445 3283 D
467 3227 478 3301 ΗΗ
502 3227 538 3282 16
561 3228 685 3297 quadam
708 3226 829 3282 libidine
848 3228 872 3285 0
911 3226 1018 3282 uamda
1039 3225 1105 3280 libi-

79 3300 146 3354 dine
159 3301 188 3355 B
205 3299 216 3372 ΗΗ
234 3299 268 3354 17
283 3302 326 3356 est
339 3316 390 3356 om.
404 3301 474 3424 oolq.
490 3299 500 3374 Η
519 3299 554 3354 19
568 3300 639 3354 omis
654 3300 796 3370 agendum
809 3245 944 3355 mortiise
958 3300 987 3354 B
1006 3315 1105 3367 quam-

78 3371 123 3425 uis
143 3371 285 3442 agendum
304 3372 342 3427 sit
359 3373 452 3426 morta
464 3388 493 3426 es
509 3372 564 3428 OG
585 3371 595 3444 ΗΗ
617 3370 653 3426 28
672 3370 795 3426 solitudo
816 3370 916 3444 [alium
935 3370 1028 3444 labor]
1047 3373 1105 3426 tor·

79 3445 160 3512 quet,
187 3443 274 3499 alium
296 3444 397 3513 Haupt
424 3442 585 3498 sollicitudo
612 3442 699 3497 alium
725 3441 807 3497 labor
831 3445 946 3512 torquet
969 3443 1056 3497 alium
1082 3443 1105 3498 0

79 3513 216 3584 solitudo,
236 3515 324 3569 alium
342 3513 422 3570 favor
439 3517 554 3583 torquet
573 3531 607 3569 ac
626 3515 708 3570 Gertz
732 3515 877 3580 solitudoN
892 3515 990 3566 atium
1004 3514 1117 3563 buxum

78 3587 204 3656 torquet,
224 3587 312 3642 alium
326 3586 466 3645 Schultess
