2438 3846
204 109 256 164 AD
275 107 468 164 POLYBIVM
485 107 536 163 DE
556 105 837 164 CONSOLATIONE
857 106 934 163 CAP.
950 112 1007 164 Μ
1056 111 1121 178 317

88 258 236 322 vestrum
254 254 476 320 inhaerentem
495 254 641 320 dolorem
656 252 797 338 dimitte;
814 274 875 320 nec
888 253 1009 339 impius
1023 253 1124 320 frater

90 344 139 412 sic
167 345 341 411 desiderari
368 344 463 410 debet
489 365 549 410 nec
576 344 650 429 pius
678 343 726 409 sic
748 342 847 409 velit?
893 343 928 409 in
950 343 1014 410 hoc
1036 366 1124 429 vero,

90 433 184 500 cuius
210 437 279 500 tam
308 435 476 518 explorata
502 433 607 519 pietas
635 436 697 517 est,
727 453 786 517 pro
817 437 906 499 certo
936 432 1122 499 habendum

89 527 140 589 est
171 523 255 589 nihil
287 544 356 589 esse
388 522 438 588 illi
469 543 565 608 posse
599 521 760 605 acerbius,
793 543 892 605 quam
924 523 953 588 si
979 522 1041 589 tibi
1068 522 1123 589 hic

56 634 184 679 soasus
218 613 285 678 eius
318 613 452 678 acerbus
485 617 547 696 est,
578 611 606 678 si
637 614 670 676 ts
697 611 766 676 ullo
794 611 892 676 modo
920 615 1067 697 torquet,
1094 611 1123 678 si

90 702 203 769 oculos
230 705 320 786 tuos,
346 701 590 787 indignissimos
617 699 682 767 hoc
708 700 811 784 malo,
838 701 908 767 sine
931 702 999 767 ullo
1023 701 1124 767 flendi

88 793 155 857 fine
178 794 211 857 et
233 789 406 857 conturbat
427 791 514 856 idom
538 795 570 856 et
592 790 749 856 exhaurit.

158 879 340 969 ‘Pietatem
367 883 479 946 tamen
500 868 592 946 luam
614 879 698 945 nihil
721 885 823 965 aeque
846 902 866 944 a
887 880 1031 946 lacrimis
1054 884 1123 946 tam
1142 900 1159 950 4

90 969 260 1036 inutilibus
294 969 446 1054 abducet,
484 990 581 1054 quam
614 969 642 1033 si
676 968 869 1056 cogitaveris
901 968 1057 1035 fratribus
1089 973 1123 1035 te

44 1083 72 1124 ro
89 1058 156 1125 tuis
191 1059 339 1145 exemplo
373 1079 444 1124 esse
479 1058 595 1125 debere
624 1057 754 1124 fortiter
783 1058 867 1126 hanc
897 1058 1047 1124 fortunae
1076 1058 1124 1123 in·
1166 1086 1171 1095 *

90 1148 208 1214 iuriam
240 1147 431 1214 sustinendi.
478 1148 565 1232 quod
598 1147 695 1213 duces
729 1147 841 1235 magni
873 1148 998 1214 faciunt
1025 1149 1121 1214 rebus

90 1238 228 1323 affectis,
261 1241 299 1303 ut
329 1236 528 1303 hilaritatem
561 1237 600 1303 de
632 1237 792 1302 industria
824 1237 979 1304 simulent
1009 1240 1042 1302 et
1069 1236 1123 1301 ad·

90 1347 199 1393 versas
213 1347 278 1392 -res
305 1327 497 1392 adumbrata
522 1325 647 1392 laetitia
674 1325 889 1411 abscondant,
915 1349 957 1392 ne
980 1326 1122 1392 militum

91 1415 206 1500 animi,
233 1416 262 1482 si
289 1416 425 1482 fractam
454 1416 544 1482 ducis
574 1416 625 1481 sui
652 1420 794 1482 mentem
822 1415 975 1499 viderint,
1004 1416 1123 1500 stipsi

45 1527 72 1569 rs
91 1506 309 1591 collabantur,
331 1505 365 1570 id
387 1527 475 1571 nunc
497 1505 558 1571 tibi
582 1527 712 1592 quoque
734 1506 918 1572 faciendum
939 1510 1001 1571 est:
1024 1505 1158 1573 indues

91 1594 282 1661 dissimilem
306 1595 415 1660 animo
439 1600 496 1660 tuo
520 1597 649 1660 vultum
673 1599 720 1680 st,
743 1596 771 1661 si
794 1600 902 1681 potes,
924 1595 1035 1680 proice
1055 1617 1122 1661 om·

90 1706 166 1750 nem
190 1706 230 1749 ex
252 1688 322 1749 toto
343 1684 502 1769 dolorem,
525 1685 694 1769 siminus,
716 1685 875 1750 introrsus
895 1685 977 1750 abde
996 1689 1029 1750 et
1047 1707 1122 1751 con·

90 1773 173 1858 tine,
204 1796 246 1839 ns
278 1777 444 1859 appareat,
476 1778 509 1840 et
541 1774 582 1839 da
613 1795 761 1860 operam,
791 1779 830 1839 ut
861 1774 976 1839 fratres
1009 1774 1059 1840 tui
1089 1778 1122 1839 te

90 1862 273 1947 imitentur,
309 1863 366 1948 qui
402 1863 576 1929 honestum
612 1860 788 1948 putabunt,
825 1864 1052 1948 quodcumque
1089 1867 1122 1929 te

45 1974 72 2015 so
89 1952 262 2019 facientem
289 1953 443 2038 viderint,
473 1953 682 2037 animumque
709 1976 749 2018 ex
776 1955 870 2019 vultu
898 1957 955 2018 tuo
984 1957 1120 2018 sument.

91 2045 124 2107 et
157 2041 314 2107 solacium
347 2042 442 2107 debes
476 2063 544 2107 esse
580 2043 712 2109 illorum
750 2047 782 2108 et
818 2043 1017 2127 consolator3
1053 2064 1120 2108 non

91 2131 213 2285 ppppris
255 2134 364 2196 autem
400 2129 518 2196 horum
555 2132 693 2196 maerori
730 2133 871 2216 obstare,
913 2132 941 2196 si
977 2136 1035 2197 tuo
1073 2132 1120 2197 in·

166 2241 237 2286 ens.

181 2325 237 2394 VI.
276 2325 358 2413 [25]
381 2326 494 2393 Potest
521 2331 553 2393 et
580 2327 637 2392 illa
663 2349 714 2392 res
738 2351 758 2393 a
779 2329 871 2394 luctu
894 2332 927 2393 ts
950 2327 1121 2412 prohibere
1142 2344 1156 2394 1

46 2436 74 2479 ss
91 2416 208 2502 nimio,
240 2417 269 2482 si
300 2416 361 2482 tibi
392 2417 462 2504 ipse
493 2416 727 2483 renuntiaveris
758 2416 843 2482 nihil
873 2418 1007 2501 horum,
1039 2439 1121 2501 quae

91 2505 186 2590 facis,
208 2527 304 2592 posse
327 2507 472 2572 subduci.
509 2528 662 2594 magnam
680 2505 741 2571 tibi
759 2527 931 2591 personam
949 2506 1120 2571 hominum

93 2604 268 2662 consensus
296 2595 466 2682 imposuit:
495 2595 576 2662 haec
603 2594 664 2660 tibi
686 2595 807 2660 tuenda
830 2599 886 2661 est.
932 2596 1121 2661 circumstat

92 2688 125 2751 te
155 2686 260 2751 omnis
288 2684 351 2750 ista
379 2685 617 2752 consolantium
645 2684 827 2769 frequentia
854 2685 948 2750 etin
975 2684 1120 2751 animum

92 2778 187 2839 tuum
218 2773 354 2860 inquirit
387 2797 424 2841 ac
455 2775 610 2859 perspicit
642 2778 799 2858 quantum
831 2774 956 2840 roboris
984 2774 1039 2840 ille
1067 2774 1122 2840 ad·

47 2884 74 2926 so
92 2885 204 2930 versus
237 2864 381 2929 dolorem
413 2864 531 2930 habeat
563 2867 595 2929 et
626 2868 778 2929 utrumne
805 2867 842 2929 tu
869 2867 998 2928 tantum
1025 2864 1120 2930 rebus

183 3055 200 3112 1
223 3056 400 3112 inherentem
425 3057 449 3113 0
474 3058 524 3112 vic
547 3074 648 3112 acaum
672 3057 851 3112 indecentem
880 3056 930 3126 (²si
953 3057 1033 3112 modo
1057 3072 1120 3111 coa·

93 3129 214 3196 ceditur,
235 3144 316 3199 posse
338 3129 370 3183 ia
392 3145 424 3184 eo
446 3129 530 3184 etam
552 3130 624 3184 tace
642 3129 771 3184 leuiorem
789 3128 1023 3197 reprehensiones
1041 3128 1120 3198 easc')

93 3199 230 3256 Schultess
256 3199 356 3268 utique
380 3216 484 3255 vanum
508 3200 703 3254 inhaerentem
724 3200 824 3254 Mueck
843 3198 900 3326 μδ
921 3214 938 3253 a
956 3215 1008 3254 om.
1028 3200 1098 3254 BH
1115 3202 1119 3269 Ι

93 3273 153 3325 tam
168 3273 325 3327 Pincianus
342 3272 400 3326 iam
418 3272 441 3327 0
457 3271 467 3344 ll
485 3269 641 3326 dabducet
654 3271 690 3326 H
705 3271 829 3325 adducet
878 3270 888 3343 tl
903 3270 940 3324 16
953 3270 1120 3325 dissimilem

94 3342 188 3397 animo
207 3344 257 3397 tuo
271 3343 343 3398 ΒΗ
356 3345 389 3398 ia
401 3344 430 3398 B
449 3343 549 3397 animo·
560 3344 593 3397 ic
609 3359 694 3412 marc.
709 3343 774 3397 odd.
789 3343 849 3397 alio
862 3359 949 3396 mauu
966 3341 977 3415 ss
995 3342 1030 3396 17
1045 3341 1119 3397 abde

92 3414 122 3469 B
141 3412 283 3469 absconde
303 3413 357 3470 OG
379 3414 390 3487 lt
413 3413 569 3469 asnorum
590 3413 613 3469 0
638 3417 733 3468 eorum
755 3413 782 3469 V
800 3413 809 3481 ll
833 3411 870 3466 26
892 3428 1044 3483 personam
1062 3414 1091 3469 Β
1098 3413 1125 3468 V

92 3487 204 3556 partem
224 3485 279 3542 OG
296 3484 360 3558 1129
377 3485 516 3556 perspicit
535 3485 559 3542 0
578 3484 718 3554 prospicit
731 3484 767 3539 H
774 3483 801 3538 V
