2438 3846
115 149 160 214 40
318 146 349 202 u.
364 126 507 201 Aurini
526 144 691 201 sursera
709 145 805 203 amu.
820 145 887 201 nm.
901 146 937 202 n.

114 294 241 360 voceml
285 294 335 360 vis
357 297 395 358 tu
418 293 535 357 fortius
557 291 650 376 loqui
672 295 704 356 et
726 292 816 356 illam
840 314 881 357 ex
902 295 972 357 toto
999 316 1142 359 summo·

79 384 200 448 suere!
246 381 362 448 domus
389 382 469 447 haec
496 382 650 465 sapientis
673 385 824 468 angusta,
853 382 921 447 sine
945 383 1048 466 cultu,
1070 384 1141 450 sine

115 473 266 556 strepitu,
298 473 366 538 sine
398 475 568 556 apparatu,
598 471 698 537 nullis
730 471 917 537 adservatur
947 472 1141 539 ianitoribus

114 563 242 627 turbam
256 562 363 627 venali
385 560 516 627 fastidio
540 560 773 647 digerentibus,
796 561 851 627 sed
874 583 932 645 per
954 561 1018 627 hoc
1039 562 1142 628 limen

114 673 251 717 vacuum
284 654 316 716 et
348 651 387 715 ab
420 651 548 716 ostiaris
580 651 718 716 liberum
749 651 881 716 fortuna
913 673 981 715 non
1011 653 1142 729 transit:
1173 671 1185 712 r

115 741 176 807 scit
197 762 265 805 non
288 762 356 805 esse
379 740 448 805 illic
471 740 533 805 sibi
555 740 680 822 locum,
701 740 759 804 ubi
782 740 833 805 sui
854 739 939 804 nihil
962 744 1018 805 est.

80 848 93 895 1
203 826 290 894 xvi.
315 827 438 905 Quodsi
460 827 622 913 Epicurus
652 850 794 914 quoque,
827 829 884 914 qui
911 830 1040 914 corpori
1069 830 1142 914 plu-

114 919 232 983 rimum
256 918 405 1001 indulsit,
424 918 576 982 adversus
599 918 733 984 iniurias
756 919 899 1004 exurgit,
922 920 978 1003 qui
1001 919 1035 984 id
1053 919 1143 1003 apud

113 1030 173 1074 nos
192 1007 378 1073 incredibile
392 1007 495 1072 videri
513 1010 620 1092 potest
635 1011 691 1072 aut
709 1030 807 1092 supra
824 1008 984 1073 humanae
1006 1012 1142 1074 naturae

114 1097 318 1163 mensuram?
364 1098 420 1162 ille
451 1097 498 1162 eit
529 1097 662 1164 iniurias
689 1097 873 1172 tolerabiles
901 1120 970 1165 esse
993 1099 1143 1183 sapienti,
1160 1117 1186 1158 ro

113 1209 172 1253 uos
201 1187 334 1252 iniurias
361 1207 429 1251 non
456 1209 532 1252 esse.
577 1208 638 1253 nec
661 1187 747 1251 enim
770 1190 832 1270 est,
855 1187 943 1271 quod
966 1187 1053 1254 dicas
1076 1187 1143 1254 hoc

78 1280 246 1342 anaturae
277 1298 471 1362 repugnare:
506 1297 574 1341 non
604 1298 760 1362 negamus
797 1298 864 1341 rem
901 1276 1142 1342 incommodam

114 1388 182 1432 esse
200 1366 362 1431 verberari
385 1369 417 1430 et
439 1366 565 1450 impelli
588 1369 621 1430 et
643 1366 753 1450 aliquo
777 1366 921 1431 membro
945 1388 1066 1450 carere,
1085 1366 1143 1432 sed

114 1455 223 1520 omnia
255 1456 318 1520 ista
348 1477 504 1541 negamus
537 1455 671 1519 iniurias
704 1477 786 1539 esse;
818 1477 885 1520 non
917 1478 1046 1521 sensum
1074 1455 1141 1522 illis

113 1544 235 1610 doloris
250 1543 458 1627 detrahimus,
477 1544 532 1609 sed
550 1566 669 1609 nomen
687 1544 833 1628 iniuriae,
851 1545 939 1629 quod
952 1567 1020 1610 non
1032 1548 1143 1629 potest
1160 1563 1186 1604 rs

113 1634 214 1717 recipi
235 1634 356 1698 virtute
388 1635 485 1699 salva.
531 1637 603 1698 uter
626 1634 733 1698 verius
765 1634 852 1699 dicat
873 1634 1068 1700 videbimus:
1099 1634 1143 1699 ad

114 1726 335 1807 contemptum
355 1723 485 1806 quidem
504 1723 640 1787 iniuriae
658 1725 793 1806 uterque
812 1724 981 1789 consentit.
1015 1725 1142 1808 quaeris

114 1811 192 1896 quid
220 1813 303 1877 inter
331 1812 412 1878 duos
440 1812 587 1878 intersit?
634 1812 722 1897 quod
749 1813 833 1877 inter
859 1813 1054 1899 gladiatores
1076 1812 1142 1878 for-

113 1900 271 1984 tissimos,
294 1923 433 1985 quorum
457 1903 538 1966 ulter
561 1903 679 1986 premit
692 1902 810 1966 vulnus
834 1905 866 1966 et
889 1902 1011 1968 stetin
1029 1901 1143 1988 gradu,

114 1991 195 2055 alter
217 1992 392 2075 respiciens
416 1990 456 2056 ad
479 1992 671 2056 clamentem
695 1992 853 2075 populum
877 1991 1040 2076 significat
1058 1989 1144 2057 nihil
1160 2011 1188 2051 ao

78 2097 93 2146 3
114 2102 183 2146 esse
202 2082 234 2145 et
253 2080 407 2146 intercedi
425 2102 492 2145 non
509 2080 641 2164 patitur.
672 2102 740 2145 non
759 2085 820 2164 est,
835 2080 923 2164 quod
942 2083 1036 2165 putes
1053 2101 1143 2167 mag·

41 2225 43 2229 ,
113 2191 207 2253 num,
230 2190 295 2254 quo
320 2169 525 2235 dissidemus:
548 2170 629 2234 illud
650 2192 714 2254 quo
734 2169 773 2234 de
792 2171 913 2256 agitur,
932 2170 1020 2253 quod
1037 2191 1143 2234 unum

114 2259 154 2326 ad
184 2281 243 2326 vos
274 2260 427 2344 pertinet,
453 2262 590 2342 utraque
618 2260 765 2343 exempla
791 2260 976 2343 hortantur,
999 2262 1144 2325 contem-

113 2371 189 2414 nere
209 2352 343 2419 iniurias
362 2354 408 2430 et,
428 2371 508 2433 quas
527 2350 718 2414 iniuriarum
735 2350 865 2414 umbras
884 2370 922 2415 ac
941 2350 1143 2434 suspiciones

114 2439 258 2523 dixerim,
277 2436 498 2522 contumelias,
517 2439 558 2503 ad
577 2461 656 2524 quas
676 2439 895 2522 despiciendas
912 2457 979 2504 non
998 2439 1143 2523 sapiente
1161 2457 1190 2500 as

115 2551 196 2612 opus
207 2530 341 2612 estviro,
350 2529 406 2594 sed
414 2532 541 2593 tantum
552 2529 762 2612 consipiente,
771 2528 827 2613 qui
838 2529 900 2594 sibi
908 2529 1013 2612 possit
1022 2528 1143 2595 dicere:

115 2618 234 2683 ‘utrum
259 2619 374 2683 merito
398 2617 479 2682 mihi
502 2619 565 2683 ista
588 2618 738 2683 accidunt
762 2641 803 2682 an
825 2618 998 2683 inmerito?
1030 2617 1058 2684 si
1077 2639 1144 2683 me-

113 2709 191 2790 rito,
222 2730 290 2773 non
321 2712 371 2773 est
402 2707 612 2790 contumelia,
644 2707 799 2772 iudicium
832 2712 893 2791 est,
926 2708 954 2773 si
981 2708 1144 2793 inmerito,

77 2798 163 2863 rffli
191 2798 248 2881 qui
274 2796 395 2863 iniusta
426 2796 504 2862 facit
535 2797 785 2863 erubescendum
813 2795 881 2863 est'
927 2800 959 2862 et
987 2796 1144 2882 quidest

204 2937 241 2991 10
256 2937 377 3006 Eptccrt
393 2938 493 3007 fragm.
508 2940 562 2992 585
582 2937 626 2992 Ue.

203 3025 222 3080 8
236 3026 405 3081 adseruntur
419 3026 469 3093 A¹‚
484 3025 503 3078 d
517 3043 586 3081 corr.
601 3027 633 3081 ia
646 3043 660 3080 s
674 3025 771 3100 ΛΜΗ
783 3024 802 3080 5
814 3041 918 3080 uacum
932 3027 962 3080 et
976 3024 1012 3079 ab
1027 3024 1143 3096 ostiarjs
1160 3086 1162 3090 y

114 3097 156 3154 A¹
169 3114 238 3154 corr.
254 3097 297 3153 A⁸
309 3098 389 3165 fort:
406 3113 530 3152 uacuum
550 3096 586 3152 ab
604 3097 750 3168 hostiarjis
773 3096 783 3170 Η
804 3097 823 3152 8
841 3096 891 3167 qui
909 3096 939 3151 id
956 3098 1053 3152 Haase
1071 3098 1142 3165 quid

114 3173 143 3226 A
160 3170 171 3243 tl
188 3170 206 3225 9
225 3170 348 3224 humans
362 3171 390 3225 A
404 3168 419 3272 fl
437 3170 473 3224 16
486 3169 613 3243 uirtutes]
625 3170 652 3224 A
669 3188 693 3224 rs
707 3172 787 3239 eros.)
806 3169 816 3242 Η
834 3169 869 3223 17
884 3171 1057 3223 contemtum
1070 3185 1141 3224 corr.

114 3245 146 3298 in
164 3243 359 3310 contemptum
373 3243 401 3297 A
434 3240 438 3313 l
459 3242 554 3310 queris
568 3243 597 3296 A
614 3240 624 3313 Η
642 3241 677 3296 19
696 3244 726 3296 et
744 3243 803 3295 stat
820 3257 889 3297 corr.
905 3240 1143 3314 excetram-¹11

114 3313 151 3370 22
169 3329 225 3384 quo
244 3311 415 3367 dissidemus
433 3314 502 3384 volp.
523 3312 599 3382 quod
618 3312 689 3367 diss·
704 3315 732 3369 A
755 3313 765 3386 ll
786 3313 823 3367 26
842 3312 1017 3381 concipiente
1032 3312 1140 3368 Buten.

116 3402 182 3440 cons
204 3385 307 3440 iciente
328 3386 356 3440 A
384 3384 388 3456 Ι
419 3384 468 3453 qui
494 3383 550 3438 sibi
575 3384 666 3455 possit
690 3385 760 3454 cotp.
784 3383 950 3454 quisipossit
970 3386 998 3439 A
1021 3400 1090 3439 corr.
1109 3385 1142 3439 tc

95 3457 162 3572 dqni
179 3457 302 3578 &possit
320 3457 504 3583 &recentior
522 3455 532 3530 Η
549 3455 584 3511 27
604 3455 743 3512 immerito
758 3455 801 3511 Α5
817 3456 828 3529 Η
844 3455 881 3510 29
898 3454 973 3510 facie
991 3454 1141 3510 rubescen-

117 3540 166 3575 11111
245 3543 318 3582 corr.
