2438 3846
131 159 196 226 134
332 156 362 210 L.
377 153 520 210 ANNAEI
537 109 702 210 SENECAll
720 155 816 210 DIAL.
831 155 898 210 LIB.
912 155 947 212 V.

96 320 108 370 1
219 300 336 366 XXIV.
366 299 462 366 Dicat
480 301 589 385 itaque
608 300 670 367 sibi
684 302 832 386 quisque,
856 302 1004 385 quotiens
1022 302 1150 367 lacessi·

129 396 195 456 tur:
232 389 400 473 ‘numquid
431 391 595 474 potentior
631 411 703 454 sum
731 389 906 474 Philippo?
961 391 1010 454 illi
1041 395 1151 456 tamen

130 482 260 564 impune
283 481 367 545 male
391 479 512 545 dictum
536 482 592 544 est.
624 480 782 563 numquid
805 480 840 544 in
862 480 959 544 domo
982 501 1054 544 mea
1076 482 1150 565 plus
1186 504 1188 507 ’

130 591 262 654 possum
286 590 383 651 quam
405 571 476 634 toto
500 568 577 634 orbe
599 571 757 633 terrarum
781 568 873 633 divus
899 567 1067 654 Augustus
1094 592 1150 654 po·

130 657 216 722 tuit?
269 658 324 722 ille
359 661 467 722 tamen
500 660 670 722 contentus
699 657 764 722 fuit
795 679 814 721 a
843 658 1059 723 conviciatore
1092 680 1150 723 suo
1186 679 1198 718 s

95 746 296 812 asecedere?
320 746 397 830 quid
421 749 470 811 est
493 768 591 829 quare
609 767 669 832 ego
696 745 780 810 servi
798 746 861 810 mei
880 746 997 810 clarius
1020 767 1152 832 raspon-

132 857 203 901 sum
236 838 267 899 et
295 836 568 900 contumaciorem
596 837 721 900 voltum
753 838 786 900 et
813 856 881 900 non
913 837 1151 918 pervenientem

131 945 233 1009 usque
260 924 300 988 ad
326 946 377 989 me
404 925 689 990 murmurationem
716 924 852 1013 flagellis
883 927 915 988 et
943 925 1152 1010 compedibus

132 1012 283 1099 expiem?
328 1014 401 1097 quis
425 1036 512 1097 sum,
529 1015 621 1079 cuius
645 1035 737 1078 aures
759 1013 844 1078 laedi
863 1013 955 1079 nefas
979 1013 1043 1080 sit?
1060 1016 1154 1101 igno·

132 1107 247 1167 verunt
278 1102 374 1167 multi
397 1103 558 1168 hostibus:
589 1124 649 1188 ego
672 1124 740 1167 non
765 1103 930 1188 ignoscam
954 1103 1071 1190 pigris,
1099 1125 1153 1168 ne·
1173 1121 1201 1163 10

97 1191 349 1278 eglegentibus,
372 1191 532 1277 garrulis?
567 1214 703 1276 puerum
726 1195 813 1274 aetas
833 1195 975 1276 excuset,
998 1193 1152 1257 feminam

132 1303 239 1364 sexus,
271 1284 457 1346 extraneum
493 1280 640 1364 libertas,
689 1280 900 1346 domesticum
941 1281 1153 1347 familiaritas.

130 1391 217 1435 nuno
240 1369 382 1453 primum
405 1369 552 1435 offendit:
581 1370 759 1456 cogitemus
783 1391 880 1453 quam
903 1369 959 1434 diu
982 1371 1155 1455 placuerit,

132 1480 226 1543 saepe
259 1462 292 1523 et
324 1460 403 1524 alias
437 1458 584 1524 offendit:
625 1459 766 1538 feramus
803 1457 890 1543 quod
922 1459 978 1523 diu
1009 1461 1153 1524 tulimus.

132 1549 254 1612 amicus
278 1551 342 1612 est:
364 1548 442 1613 fecit
460 1548 547 1632 quod
565 1546 686 1632 noluit,
708 1548 872 1613 inimicus:
895 1547 973 1612 feeit
992 1548 1079 1632 quod
1102 1548 1154 1612 de·
1175 1565 1202 1606 1⁶

96 1636 211 1701 abuit.
256 1636 457 1719 prudentiori
480 1635 662 1720 credamus,
690 1636 832 1701 stultiori
854 1637 1072 1720 remittamus3
1094 1658 1154 1721 pro

133 1745 337 1810 quocumque
369 1724 450 1789 illud
481 1725 575 1790 nobis
607 1723 871 1808 respondeamus,
899 1725 1154 1810 sapientissimos

133 1835 261 1899 quoque
280 1815 367 1879 viros
386 1813 489 1878 multa
507 1812 706 1898 delinquere,
727 1814 890 1879 neminem
913 1836 981 1879 esse
1003 1818 1071 1880 tam
1094 1815 1155 1880 cir·

133 1906 368 1989 cumspeetum,
391 1903 482 1969 cuius
513 1924 581 1968 non
603 1902 772 1989 diligentia
799 1903 971 1987 aliquando
1001 1903 1156 1988 sibiipsa

133 1991 273 2075 excidat,
294 1992 455 2057 neminem
477 1996 545 2056 tam
564 1995 741 2075 maturum,
764 1992 855 2058 cuius
878 2013 945 2058 non
963 1993 1156 2078 gravitatem
1175 2010 1204 2050 ²⁰

133 2082 167 2146 in
199 2080 331 2164 aliquod
360 2080 514 2146 fervidius
546 2081 668 2146 factum
692 2102 785 2146 casus
803 2081 964 2167 inpingat,
993 2082 1155 2146 neminem

133 2175 200 2234 tam
223 2170 374 2235 timidum
398 2170 606 2255 offensarum,
628 2170 684 2255 qui
706 2191 773 2235 non
796 2170 831 2235 in
852 2169 939 2254 illas,
963 2170 1156 2258 dumvitat,

133 2258 261 2324 incidat.

99 2360 113 2410 1
222 2346 324 2413 XXV.
357 2346 526 2425 Quomodo
544 2347 670 2414 homini
688 2348 808 2432 pusillo
831 2347 986 2414 solacium
1010 2349 1046 2412 in
1062 2349 1155 2413 malis

133 2438 198 2502 fuit
225 2438 322 2502 etiam
351 2459 543 2522 magnorum
570 2438 714 2502 virorum
743 2437 883 2503 titubare
910 2437 1088 2521 fortunam,
1124 2440 1157 2502 et
1177 2454 1203 2496 π

134 2527 284 2612 aequiore
307 2526 415 2591 animo
439 2526 542 2590 filium
566 2526 600 2590 in
623 2526 742 2612 angulo
766 2525 869 2610 flevit,
892 2526 949 2610 qui
966 2525 1048 2591 vidit
1070 2548 1157 2592 acer·

133 2616 176 2680 ba
193 2614 306 2680 funera
328 2615 425 2680 etiam
445 2636 484 2679 ex
501 2613 590 2700 regia
613 2614 701 2698 duci,
723 2615 770 2680 sic
793 2615 902 2680 animo
925 2615 1075 2700 aequiore
1093 2615 1158 2680 fert

134 2705 174 2768 ab
198 2705 307 2787 aliquo
330 2705 427 2789 laedi,
450 2704 490 2769 ab
514 2704 622 2786 aliquo
646 2705 826 2786 contemni,
854 2703 1045 2789 cuicumque
1067 2704 1158 2768 venit
1207 2758 1211 2765 .

134 2795 169 2857 in
201 2797 341 2858 mentem
373 2793 497 2858 nullam
530 2813 599 2858 esse
630 2796 754 2858 tantam
777 2793 972 2877 potentiam,
1000 2795 1035 2858 in
1058 2814 1155 2878 quam

99 2898 115 2946 2
134 2903 201 2947 non
225 2884 372 2947 occurrat
394 2881 517 2946 iniuria.
552 2880 638 2965 quod
657 2882 686 2946 si
704 2881 800 2946 etiam
819 2880 1061 2966 prudentissimi
1084 2903 1157 2967 pec·
1176 2900 1204 2941 ³⁰

225 3091 242 3146 1
260 3090 409 3146 lacessitur
423 3091 469 3174 Αῆ
484 3089 504 3162 (i
517 3093 549 3145 ic
562 3108 618 3147 ras.
633 3103 688 3177 pro
706 3091 803 3162 oligeto
820 3091 926 3159 littera,
944 3107 1027 3177 quam
1043 3093 1103 3148 iam
1115 3091 1159 3147 Αι

254 3169 441 3290 screa
460 3178 582 3303 ππ
592 3178 648 3306 π
676 3168 858 3361 ππ
867 3162 1003 3290 ξπ
1023 3163 1159 3318 ππ

136 3306 238 3361 lineola
256 3306 312 3361 vid.
329 3322 410 3360 eraso
427 3306 493 3376 ease)
515 3306 526 3377 ll
548 3304 774 3374 lemurumque
824 3304 843 3372 ¹,
860 3305 908 3361 aed
928 3322 983 3374 quo
1002 3321 1024 3359 a.
1038 3322 1062 3360 o.
1077 3305 1157 3375 qdde·

136 3384 194 3432 tum
212 3377 268 3432 oid.
283 3377 377 3432 eudon
394 3392 480 3432 mnu
497 3376 508 3449 ll
524 3375 561 3430 22
577 3376 629 3446 tall
639 3376 668 3431 A
686 3377 766 3447 (eros.
780 3375 835 3431 oid.
850 3393 869 3434 n
883 3392 940 3432 noa
953 3393 997 3442 ως
1010 3391 1079 3430 corr.
1092 3375 1158 3442 sora

117 3447 252 3585 mhi!
276 3446 313 3503 80
330 3449 460 3503 occurrat
473 3449 502 3503 A
520 3447 579 3502 inc-
597 3460 615 3502 s
633 3448 694 3518 (cfr.
714 3447 751 3502 Ε.
770 3446 887 3503 manus
905 3448 1001 3503 Herm.
1016 3445 1164 3504 XXVIII
