2438 3846
94 157 161 226 364
286 154 317 210 u.
331 154 474 210 rursm
492 153 657 210 sursera
672 154 771 212 orsu.
784 155 852 211 mu.
866 155 928 214 ru

60 319 184 370 omum
213 302 310 368 decus
340 301 411 367 visa
439 304 489 367 est
517 300 682 386 pudicitia.
727 323 795 368 non
821 306 914 387 potes
942 300 1053 388 itaque
1075 304 1116 370 sd

95 390 306 477 optinendum
334 391 478 456 dolorem
505 390 661 457 muliebre
688 413 807 458 nomen
827 392 1050 477 praetendere,
1077 415 1117 460 ex

95 501 159 567 quo
182 484 216 547 te
237 479 373 546 virtutes
396 484 471 547 tuse
494 481 703 566 seduxerunt3
725 484 852 555 tantum
875 481 970 548 debes
988 505 1009 547 a
1026 482 1117 549 femi·

93 593 209 637 narum
239 569 381 637 lacrimis
413 569 537 655 abesse,
574 574 730 655 quantum
761 571 859 637 vitiis.
910 594 952 638 ne
978 572 1117 639 feminae

95 659 224 746 quidem
246 663 280 726 te
302 660 409 726 sinent
430 660 627 726 intabescere
649 659 774 725 volueri
795 664 867 744 tuo,
890 661 947 727 sed
968 661 993 745 †
1013 661 1117 728 levior
1147 685 1158 726 s

93 749 274 816 necessario
302 770 446 816 maerore
473 749 538 816 cito
566 749 751 815 defimctam
773 748 930 816 iubebunt
953 772 1116 838 exurgere,

95 839 123 906 si
152 838 248 905 modo
278 838 351 905 illes
381 837 500 905 intueri
528 840 618 905 voles
647 839 798 923 feminas,
835 861 914 926 quas
943 843 1117 925 conspecta

59 927 197 997 ovirtus
224 928 309 994 inter
334 950 471 1015 magnos
498 927 585 995 viros
607 928 725 1014 posuit.
773 927 953 995 Corneliam
976 952 1016 996 ex
1039 930 1117 996 duo·

94 1017 197 1084 decim
223 1017 333 1085 liberis
361 1018 402 1084 ad
429 1017 511 1084 duos
538 1018 669 1084 fortuna
690 1018 871 1105 redegerat:
898 1018 926 1084 si
948 1041 1116 1086 numerare

93 1107 208 1173 funera
231 1105 397 1174 Corneliae
424 1108 538 1191 velles,
564 1107 715 1174 amiserat
738 1108 860 1194 decem,
888 1108 917 1174 si
938 1109 1117 1193 aestimare,
1135 1133 1159 1173 ro

94 1196 244 1264 amiserat
267 1194 437 1263 Gracchos.
483 1195 634 1263 fientibus
661 1201 770 1263 tamen
793 1198 934 1264 circeso
957 1201 990 1264 et
1012 1198 1117 1265 fatum

94 1286 163 1353 eius
193 1286 415 1353 execrantibus
445 1286 625 1371 interdixit,
654 1309 696 1354 ne
724 1288 890 1353 fortunam
919 1291 1117 1374 accusarent

95 1397 177 1460 quae
200 1375 262 1442 sibi
284 1375 371 1442 lilios
395 1373 557 1442 Gracchos
580 1374 728 1442 dedisset
774 1398 815 1443 ex
836 1376 898 1444 hac
920 1376 1041 1442 femina
1064 1377 1117 1443 ds-

93 1464 166 1531 buit
194 1463 297 1549 uesci,
326 1465 383 1551 qui
413 1464 532 1531 diceret
560 1464 596 1530 in
624 1466 790 1532 contiones
820 1466 872 1531 ‘tu
901 1467 998 1532 matri
1027 1488 1117 1534 meae

93 1554 178 1620 male
200 1553 301 1639 dicas,
324 1575 406 1638 quae
429 1577 480 1620 me
502 1553 665 1640 peperit?'
688 1557 791 1622 multo
814 1555 895 1620 mihi
917 1577 982 1622 vox
1004 1556 1117 1623 matris
1135 1577 1160 1620 re

93 1641 221 1709 videtur
243 1641 431 1710 animosior:
454 1644 541 1710 filius
560 1664 678 1729 magno
697 1645 880 1711 aestimavit
898 1641 1117 1712 Gracchorum

59 1749 75 1801 ‘1
92 1732 229 1818 natales,
251 1736 355 1800 muter
377 1736 410 1799 et
427 1733 548 1800 funera
594 1731 718 1799 Rutilia
736 1731 865 1800 Cottam
883 1733 987 1799 filium
1006 1739 1118 1802 secuta

94 1825 144 1887 est
165 1821 201 1886 iu
223 1822 355 1888 exilium
378 1825 412 1889 et
433 1843 536 1909 usque
559 1845 597 1890 eo
621 1822 684 1888 fuit
707 1822 908 1910 indulgentia
931 1825 1117 1910 constricta,

93 1915 131 1976 ut
157 1912 269 1977 mallet
295 1911 428 1978 exilium
455 1912 524 1997 pati
547 1934 644 1996 quam
667 1911 872 1998 desiderium,
901 1934 961 1979 nec
983 1916 1059 1980 aute
1081 1913 1117 1980 in

92 2001 231 2087 patriam
259 2022 355 2087 quam
383 2023 456 2068 cum
479 2001 547 2067 filio
570 2001 674 2067 rediit.
720 2002 856 2068 eundem
878 2002 943 2067 iam
966 2002 1116 2070 reducem
1134 2025 1160 2067 so

93 2094 126 2155 et
148 2089 183 2155 in
204 2090 370 2175 republica
392 2090 561 2157 florentem
583 2096 650 2157 tam
672 2090 800 2158 fortiter
821 2091 930 2157 amisit
952 2113 1050 2178 quam
1068 2116 1116 2160 se-

93 2181 169 2245 cuta
186 2183 248 2264 est,
266 2202 327 2248 nec
345 2179 515 2265 quisquam
532 2181 682 2247 lacrimas
701 2182 769 2247 eius
787 2182 997 2266 postulatum
1010 2182 1116 2249 filium

92 2268 227 2335 notavit.
273 2270 308 2336 in
331 2272 466 2354 expulso
488 2270 641 2337 virtutem
664 2271 819 2356 ostendit,
840 2271 876 2336 iu
898 2271 1017 2338 amisso
1040 2295 1116 2357 pru·

93 2357 248 2444 dentiam3
270 2381 346 2426 nam
369 2363 402 2426 et
423 2361 508 2426 nihil
525 2361 615 2426 illum
633 2360 790 2446 apietate
808 2360 964 2427 deterruit
981 2364 1015 2428 et
1031 2361 1117 2428 nihil

93 2449 133 2513 iu,
154 2447 287 2514 tristitia
314 2471 511 2534 supervacua
534 2451 696 2534 stultaque
720 2449 865 2516 detinuit.
912 2472 986 2517 cum
1007 2450 1059 2517 his
1083 2455 1115 2518 te
1134 2473 1160 2514 as

182 2678 198 2732 1
213 2678 315 2752 potessl
326 2679 356 2735 A
373 2681 453 2748 (eros.
467 2679 490 2834 Ἦ
507 2677 706 2804 [tonantum
719 2679 797 2734 vitiis
811 2680 839 2735 A
853 2681 991 2750 quantum
1006 2696 1023 2735 a
1037 2681 1115 2737 vitiis

92 2750 161 2834 cols.
176 2749 227 2816 cfr.
241 2750 320 2825 adp.
340 2754 376 2806 14
393 2756 461 2806 eurr.
526 2822 530 2831 Ι
543 2749 634 2811 leuior
651 2751 809 2835 necessario
823 2751 852 2806 A
870 2753 916 2823 (m.
929 2745 984 2837 rec
997 2769 1029 2807 or
1044 2753 1115 2838 dele·

92 2826 276 3017 {ass
282 2821 1039 2962 ’12222111222122211
1048 2825 1116 2965 ”its

114 2961 200 3031 ebito)
225 2980 259 3019 ac
278 2979 339 3019 nec.
358 2964 495 3021 Schultess
515 2962 572 3019 levi
590 2979 638 3019 ore
655 2979 716 3018 uec.
736 2965 895 3036 Petschesip
920 2966 977 3037 (sed
994 2966 1046 3034 cfr.
1068 2967 1114 3022 Ti·

92 3034 163 3090 batti
183 3036 206 3091 1
224 3039 250 3103 8,
264 3039 299 3091 31
322 3035 384 3092 Sca.
405 3052 445 3105 ep.
465 3052 496 3106 p.
511 3039 574 3103 429,
586 3038 624 3091 26
644 3035 748 3107 Herus)
773 3035 877 3092 leviore
899 3038 929 3091 et
950 3053 1010 3099 nec.
1030 3037 1114 3093 Eua.

92 3122 186 3162 osam
203 3107 326 3163 scadan
343 3108 485 3164 incestum
501 3105 512 3180 ΙΙ
529 3106 566 3162 10
580 3105 669 3163 uelles
683 3108 711 3163 A
728 3106 798 3163 velis
813 3108 973 3180 Wesenberp
989 3108 1000 3182 11
1017 3108 1052 3164 ll
1072 3109 1115 3165 fa-

92 3179 152 3232 tum
161 3178 164 3249 l
173 3177 233 3234 eius
247 3180 275 3234 A
292 3177 385 3234 fatum
401 3179 511 3235 saevius
526 3179 605 3235 Koch
623 3177 746 3234 fatorum
760 3179 804 3234 ius
818 3178 969 3248 Sebatum
986 3187 1115 3237 ructum

87 3250 176 3319 proto
200 3249 210 3324 ll
235 3249 271 3306 18
293 3249 419 3306 dedisset
436 3251 465 3307 A
488 3251 560 3320 qaod
582 3257 658 3307 teneo
679 3251 739 3307 cell.
758 3267 789 3320 ρ.
809 3255 871 3319 172,
884 3255 919 3306 21
939 3259 965 3308 et
982 3268 1022 3322 ep.
1038 3257 1115 3320 63,7

93 3322 133 3390 (p.
154 3324 215 3389 185,
230 3327 265 3378 16
282 3322 334 3388 Η.)
358 3321 410 3388 cfr.
431 3322 568 3379 Schultess
585 3323 745 3378 Awnuccaa
766 3324 838 3378 stad.
858 3327 940 3392 1256
962 3322 1116 3394 ademisset
1157 3356 1159 3360 ·

92 3392 211 3462 Bentley
224 3399 251 3448 ct
262 3394 405 3450 amisum
417 3394 534 3450 editores
545 3393 549 3465 l
573 3391 610 3448 lt
624 3393 786 3449 aestimavit
798 3395 896 3450 Haase
909 3394 1055 3450 estimabit
1063 3397 1092 3451 A
1104 3395 1115 3470 ΙΙ

81 3461 126 3514 22
140 3463 238 3519 οιιήὶίο
249 3465 279 3520 A
303 3481 373 3522 corr.
392 3466 461 3538 culp.
486 3465 497 3553 d
521 3463 539 3520 2
579 3464 654 3519 nich'
674 3464 725 3521 ills
741 3465 784 3522 Αὅ
801 3464 919 3521 richilla
936 3466 978 3522 cet
996 3466 1115 3522 nichilis

65 3529 201 3602 A¹sst²5
219 3533 290 3592 Cum
308 3537 358 3594 bis
377 3538 466 3598 teA⁶
483 3556 516 3598 m
534 3554 591 3598 rus.
736 3571 739 3575 ·
