2438 3846
90 159 142 213 AD
160 157 331 213 HELVIAM
348 156 509 211 MATREM
527 157 576 212 DE
596 155 876 213 CONSOLATIONE
897 155 974 211 CAP.
992 161 1008 210 9
1049 158 1114 226 351

180 302 237 371 IX.
274 301 337 369 ‘At
372 325 440 369 non
476 307 526 369 est
560 303 640 369 haec
675 306 762 368 terra
797 301 1024 392 frugiferarum
1062 306 1151 369 autt

91 394 249 459 laetarum
272 393 426 458 arborum
443 392 547 476 fera13
569 414 637 457 non
655 392 782 478 magnis
800 413 861 458 nec
878 391 1116 480 navigabilibus

92 482 264 548 fluminum
302 482 401 547 alveis
433 481 607 569 inrigatum
643 482 728 548 nihil
760 481 880 569 gignit,
917 482 1005 566 quod
1036 481 1118 547 aliae

94 575 205 659 gentes
228 575 356 656 petant,
378 571 434 635 vix
455 570 497 636 ad
514 571 651 636 tutelam
668 571 880 637 incolentium
899 569 1030 655 fertilis,
1051 592 1119 636 non

62 662 254 747 spretiosus
281 660 336 726 hic
361 660 445 745 lapis
473 659 632 744 caeditur,
657 681 725 725 non
752 662 823 725 auri
850 659 1040 747 argentique
1067 682 1119 725 ve-

92 773 153 816 nae
190 749 367 816 eruuntur?
413 752 569 836 angustus
607 748 732 815 animus
765 752 829 833 est,
865 771 962 833 quem
993 754 1153 816 terrenas

94 840 268 906 delectant:
296 840 337 904 ad
364 839 422 904 illa
449 838 655 904 abducendus
678 842 741 922 est,
769 861 851 923 quae
874 839 995 922 ubique
1018 861 1120 923 aeque

94 933 264 1014 apparent,
285 928 406 1013 ubique
429 950 531 1012 aeque
554 927 732 1013 splendent.
778 931 811 993 et
828 928 892 994 hoc
910 928 1120 1015 cogitandum

95 1023 158 1103 est,
180 1019 244 1084 ista
266 1019 350 1083 reris
373 1017 467 1083 bonis
491 1039 549 1103 per
570 1017 655 1083 falsa
672 1021 705 1084 et
722 1040 821 1102 prave
840 1018 963 1084 credita
981 1018 1120 1084 obstare.

50 1133 77 1174 ro
95 1130 160 1192 quo
187 1108 352 1194 longiores
378 1107 524 1192 porticus
553 1106 766 1192 expedierint,
798 1128 862 1191 quo
891 1107 988 1173 altius
1015 1111 1121 1172 turres

95 1197 299 1277 sustulerint,
327 1218 391 1281 quo
418 1196 516 1261 latius
543 1196 633 1262 vicos
660 1197 875 1281 porrexerint,
905 1218 970 1280 quo
994 1195 1122 1280 depres-

95 1286 162 1351 sius
185 1286 324 1352 aestivos
348 1307 462 1371 specus
485 1284 640 1369 foderint,
663 1307 728 1369 quo
751 1285 869 1351 maiori
886 1287 973 1351 mole
990 1285 1122 1371 fastigia

96 1375 302 1441 cenationum
325 1374 549 1457 subduxerint,
571 1374 635 1440 hoc
657 1375 732 1460 plus
755 1375 831 1460 erit,
854 1374 941 1460 quod
964 1373 1030 1440 illis
1053 1396 1122 1440 cas-

94 1465 165 1530 lum
193 1463 377 1530 abscondat.
423 1464 459 1529 in
485 1485 556 1530 eam
584 1468 617 1528 te
643 1464 810 1550 regionem
833 1486 927 1531 casus
950 1464 1058 1548 eiecit,
1086 1464 1157 1529 ine

52 1578 78 1619 rs
97 1575 162 1638 qua
187 1553 405 1619 lautissimum
431 1554 672 1638 receptaculum
700 1575 774 1620 casa
797 1558 859 1620 est:
886 1576 927 1620 ne
950 1557 987 1619 tu
1010 1553 1123 1639 pusilli

96 1643 258 1716 animia
286 1647 320 1708 et
342 1642 469 1709 sordide
492 1663 527 1707 se
550 1643 763 1727 consolantis,
790 1644 819 1708 si
841 1642 914 1709 ideo
937 1643 972 1708 id
994 1643 1123 1709 fortiter

96 1732 230 1818 pateris,
260 1733 337 1816 quia
365 1731 498 1797 Romuli
528 1752 635 1798 casam
664 1733 759 1798 nosti.
806 1732 858 1799 dic
887 1733 970 1798 illud
998 1732 1122 1818 potius:

97 1822 200 1887 ‘istud
227 1822 350 1888 humile
378 1822 544 1907 tugurium
572 1843 688 1905 nempe
715 1823 853 1887 virtutes
874 1821 1012 1908 recipit?
1056 1823 1123 1887 iam
1186 1898 1188 1902 y

98 1912 247 1977 omnibus
270 1910 401 1996 templis
423 1910 599 1976 formosius
623 1911 697 1995 erit,
720 1933 794 1977 cum
817 1911 886 1978 illic
904 1911 1029 1978 iustitia
1047 1933 1122 1992 con-

52 2024 80 2064 so
97 2004 208 2084 specta
229 2001 342 2084 fuerit,
370 2022 444 2066 cum
467 1999 680 2084 continentia,
703 2021 778 2066 cum
801 2001 987 2085 prudentia,
1008 2000 1123 2087 pietas,

98 2090 244 2155 omnium
276 2086 460 2155 officiorum
492 2093 578 2156 recte
610 2089 899 2175 dispensandorum
930 2090 1028 2174 ratio,
1064 2090 1123 2155 hu·

97 2201 268 2244 manorum
296 2178 544 2262 divinorumque
572 2179 714 2244 scientia.
759 2181 869 2244 nullus
893 2182 1050 2266 angustus
1074 2182 1124 2244 est

97 2269 202 2352 locus,
222 2268 279 2352 qui
296 2267 381 2334 hanc
399 2271 467 2332 tam
485 2288 677 2354 magnarum
695 2267 865 2333 virtutium
879 2269 1008 2334 turbam
1023 2268 1124 2353 eapit;

97 2358 225 2423 nullum
253 2357 386 2422 exilium
414 2379 511 2443 grave
539 2361 602 2440 est,
627 2357 663 2421 in
686 2357 872 2440 quodlicet
894 2378 969 2423 cum
991 2357 1055 2423 hoc
1077 2357 1125 2422 ire

54 2467 81 2509 as
99 2446 276 2513 comitatu!
321 2445 443 2512 Brutus
467 2447 502 2510 in
525 2468 563 2512 eo
585 2446 685 2529 libro,
713 2467 809 2530 quem
832 2447 872 2512 de
894 2447 1016 2513 virtute
1038 2461 1160 2513 com-4

99 2537 222 2621 posuit,
250 2536 297 2601 ait
324 2559 358 2602 se
384 2535 575 2601 Marcellum
602 2534 721 2600 vidisse
747 2535 912 2621 Mytilenis
940 2537 1124 2602 exulantem

99 2630 145 2708 et,
175 2629 333 2710 quantum
362 2625 460 2690 modo
489 2628 605 2690 natura
631 2625 773 2691 hominis
801 2628 979 2711 pateretur,
1008 2625 1125 2691 beatis-

100 2716 180 2781 sime
216 2715 379 2780 virentem
410 2736 515 2799 neque
547 2735 703 2798 umquam
735 2715 935 2800 cupidiorem
966 2714 1125 2780 bonarum

100 2805 218 2869 artium
247 2826 344 2888 quam
372 2804 430 2869 illo
457 2808 611 2889 tempore.
658 2803 768 2887 itaque
795 2802 906 2870 adicit:
933 2803 1040 2869 visum
1063 2803 1127 2869 sibi

190 3031 208 3086 3
227 3031 301 3086 aliae
319 3049 388 3088 corr.
404 3049 438 3087 en
456 3031 515 3086 alia
528 3032 571 3088 A²
588 3032 598 3105 ΙΙ
615 3032 634 3088 4
652 3032 774 3087 attutela
788 3033 829 3087 A¹
843 3049 912 3089 corr.
927 3031 995 3106 A¹11
1012 3032 1047 3087 11
1061 3049 1126 3103 por·

100 3104 224 3158 rexerint
238 3104 395 3158 Pincianus
414 3104 585 3159 correxerint
598 3104 627 3159 A
648 3104 659 3188 t}
683 3102 720 3159 14
732 3105 831 3174 egecit
845 3104 887 3160 A¹
905 3120 972 3160 corr.
987 3107 1020 3159 ic
1037 3122 1124 3176 marg.

100 3193 135 3229 m.
149 3192 202 3231 rec.
220 3174 232 3259 ll
248 3175 284 3229 15
303 3190 370 3228 casa
384 3177 435 3230 est.
456 3175 500 3229 Ne
514 3175 538 3228 lc
550 3177 582 3229 tu
597 3174 695 3245 pusilli
714 3176 803 3231 animi
817 3192 846 3230 es
861 3175 893 3248 &l
912 3176 940 3231 A
957 3176 1005 3231 aed
1014 3183 1127 3245 praeter

101 3247 172 3302 daus
181 3263 291 3316 premas
305 3247 356 3301 litt.
372 3262 406 3300 ca
419 3288 429 3314 ,
442 3263 512 3316 puae
525 3263 545 3301 a
558 3264 593 3302 m.
604 3252 621 3300 1
634 3253 713 3314 tamt,
727 3254 752 3302 et
765 3248 808 3303 Ne
819 3246 842 3302 lo
855 3289 864 3314 ,
879 3264 949 3318 quae
961 3254 1025 3302 m.5
1039 3249 1126 3317 scrip-

100 3319 139 3373 sit
162 3324 214 3374 aut
236 3319 446 3387 &disrumpit
471 3318 578 3386 reliqua
600 3319 695 3373 emnia
712 3320 745 3374 ia
762 3337 817 3375 ras.
831 3335 883 3375 scr.
897 3318 940 3374 A⁸
957 3334 1013 3373 nae
1030 3321 1064 3373 tu
1082 3332 1099 3373 ς
1116 3318 1127 3392 (Ι

101 3389 136 3444 17
154 3390 258 3458 potius.
287 3389 379 3459 ajistud
393 3389 436 3444 Al
453 3389 561 3458 potius;
585 3388 610 3443 si
627 3389 706 3445 istud
724 3390 767 3446 A⁶
789 3389 824 3457 (si
842 3391 874 3445 in
891 3391 959 3460 ras.)
977 3390 987 3462 ll
1009 3389 1044 3445 21
1064 3389 1126 3445 des·

101 3462 281 3588 ῗεηςωιὲἰοιῆ
295 3463 323 3517 A
341 3460 351 3534 ll
373 3459 408 3516 24
425 3459 501 3530 quod
515 3460 627 3516 Fickert
645 3477 701 3529 quo
715 3462 742 3517 A
760 3461 771 3533 Η
792 3460 829 3516 2ss
847 3461 992 3530 Mytilenis
1007 3473 1024 3515 ς
1042 3461 1126 3532 myti-
1202 3500 1206 3509 .

113 3549 185 3587 emis
