2438 3846
53 155 118 222 136
255 150 625 207 1-11111111111011
644 148 868 206 11111111.

52 299 167 382 simus,
186 297 315 382 iniquus
334 301 522 379 1111111111,
541 296 597 380 qui
616 318 786 362 commune
803 295 918 360 vitium
937 295 1076 380 singulis

53 386 178 452 obiecit.
220 409 287 451 nou
309 391 358 452 est
380 384 551 469 Aethiopis
574 387 658 450 inter
681 408 756 451 suos
779 384 952 471 insignitus
975 383 1075 467 color,

52 496 112 542 nec
134 475 225 541 rufus
249 477 346 542 crinis
370 479 402 540 et
425 478 554 540 coactus
582 475 617 537 in
643 475 765 539 nodum
788 473 873 559 apud
897 471 1075 539 Germanos

53 564 158 629 virum
182 565 325 631 dedecet:
347 565 431 629 nihil
453 565 489 628 in
510 585 575 628 uno
599 563 755 629 iudicabis
774 564 917 629 notabile
936 565 992 627 aut
1009 562 1077 627 foe·

54 651 144 736 dum,
177 654 264 737 quod
296 655 384 739 genti
418 675 493 717 suae
525 653 692 736 publicum
724 657 785 736 est3
817 657 850 717 et
881 653 956 735 ista,
993 672 1077 734 quae
1109 670 1122 711 s

54 743 178 826 rettuli,
195 744 291 807 unius
310 742 451 827 regionis
470 745 567 826 atque
584 742 694 828 anguli
709 742 906 806 consuetudo
921 739 1077 805 defenditz

54 830 127 896 ride
158 853 258 914 nunc,
291 835 412 915 quanto
442 832 478 895 in
500 831 540 896 iis
564 832 679 896 iustior
701 831 796 895 venia
822 831 877 913 sit,
907 852 989 914 quae
1019 850 1079 913 per

19 935 36 983 4
54 922 161 985 totum
184 941 285 1006 genus
305 920 482 985 humanum
501 921 634 1006 vulgata
652 923 734 985 sunt.
773 941 882 984 omnes
902 919 1079 984 inconsulti

55 1012 88 1073 et
117 1008 280 1095 inprovidi
307 1031 431 1093 sumus,
455 1031 565 1076 omnes
593 1010 720 1094 incerti,
743 1008 882 1094 queruli,
906 1007 1079 1091 ambitiosi,

54 1134 100 1145 -
122 1097 200 1183 quid
217 1098 393 1164 leuioribus
412 1099 517 1163 verbis
536 1099 628 1164 ulcus
647 1099 813 1183 publicum
831 1096 1016 1162 abscondo?
1033 1134 1079 1143 -
1098 1115 1126 1156 ιο

56 1207 167 1251 omncs
190 1187 268 1251 mali
291 1210 410 1253 sumus.
457 1187 614 1272 quidquid
640 1189 747 1272 itaque
771 1188 806 1251 in
829 1187 893 1251 elio
916 1186 1080 1269 reprendi·

55 1278 122 1359 tur,
151 1275 184 1339 id
211 1278 431 1362 unusquisque
455 1279 490 1341 in
512 1278 585 1342 sinu
609 1298 667 1342 suo
691 1277 839 1342 inveniet.
886 1274 964 1359 quid
989 1275 1078 1340 illius

56 1363 227 1449 pallorem,
250 1365 338 1432 illius
361 1367 496 1432 maciem
518 1365 635 1431 notas?
674 1366 859 1449 pestilentia
881 1367 938 1429 cst.
957 1362 965 1376 '
981 1363 1081 1447 placi·

57 1453 162 1519 diores
186 1455 294 1538 itaque
317 1456 455 1520 invicem
476 1455 589 1519 simus:
612 1455 691 1519 mali
709 1456 792 1519 inter
810 1455 912 1519 malos
930 1452 1079 1517 vivimus.

56 1563 122 1607 una
150 1565 210 1608 nos
240 1566 290 1608 res
320 1545 424 1610 facere
454 1543 580 1628 quietos
610 1546 731 1626 potest,
760 1547 889 1608 mutuae
914 1541 1081 1607 facilitatis
1100 1558 1127 1599 is

22 1633 238 1701 tconventio.
289 1632 361 1697 ‘ille
390 1633 455 1696 iam
484 1632 565 1696 mihi
592 1633 718 1715 nocuit,
748 1655 807 1718 ego
838 1633 888 1696 illi
916 1627 1082 1696 nondum?

58 1720 114 1785 sed
146 1721 211 1786 iam
242 1723 384 1806 aliquem
414 1721 551 1787 fortasse
582 1721 718 1804 laesisti,
755 1721 810 1787 sed
841 1720 957 1786 laedes.
1011 1719 1082 1784 noli

58 1813 237 1876 aestumare
263 1812 348 1876 hanc
374 1809 488 1875 horam
511 1813 567 1875 aut
589 1811 675 1875 hunc
698 1809 797 1893 diem,
825 1814 931 1875 totum
958 1808 1082 1892 inspice

57 1900 175 2052 quentis
198 1904 272 1965 tuae
294 1899 456 1965 habitum:
475 1900 573 1965 etiam
592 1900 620 1964 si
637 1897 722 1963 nihil
744 1899 822 1963 mali
844 1899 964 1982 fecisti,
988 1901 1081 1982 potes

72 2010 171 2056 acere.
1102 2003 1130 2044 11

24 2093 40 2144 ι
148 2075 282 2143 XXVH.
320 2076 448 2155 Quanto
477 2077 576 2143 satius
604 2080 654 2142 est
676 2098 788 2142 sanare
811 2075 962 2141 iniuriam
986 2097 1083 2159 quam

59 2167 186 2233 ulcisci!
222 2169 362 2233 multum
384 2168 539 2253 temporis
562 2167 644 2232 ultio
668 2165 821 2249 absumit,
845 2165 955 2231 multis
979 2187 1013 2230 se
1036 2166 1084 2229 in·

60 2257 152 2322 iuriis
180 2257 293 2341 obicit,
321 2257 398 2323 dum
420 2280 484 2322 una
507 2256 608 2340 dolet,
638 2256 758 2321 diutius
781 2255 950 2321 irascimur
972 2276 1084 2319 omnes

61 2368 159 2431 quam
184 2346 350 2414 laedimur.
396 2350 517 2431 quanto
545 2345 659 2410 melius
683 2348 732 2410 est
754 2345 841 2410 abire
864 2345 899 2409 in
922 2344 1084 2409 diversum

61 2457 121 2502 nec
142 2436 222 2501 vitia
244 2437 332 2502 vitiis
356 2435 532 2520 opponere!
574 2435 727 2517 numquis
751 2435 828 2500 satis
852 2436 999 2499 constare
1022 2430 1086 2519 sibi
1104 2447 1132 2489 ²⁶

62 2525 221 2609 videatur,
248 2525 276 2590 si
303 2525 424 2590 mulam
452 2525 592 2591 calcibus
616 2526 741 2607 repetat
763 2529 796 2588 ct
818 2544 930 2588 canem
952 2520 1086 2587 morsu?

26 2614 155 2681 2‘ista'
169 2614 277 2699 inquis
292 2614 439 2700 ‘peccare
457 2636 491 2679 se
508 2611 677 2678 nesciunt?
713 2613 855 2696 primum
869 2633 967 2696 quam
981 2611 1086 2675 inicus
1183 2639 1191 2660 .

62 2707 125 2788 est,
148 2708 228 2789 aput
250 2726 345 2788 quem
367 2704 532 2768 hominem
554 2723 622 2767 esse
646 2700 686 2765 ad
706 2700 941 2785 impetrandam
959 2700 1087 2764 reniam

63 2795 171 2860 nocet!
217 2793 344 2877 deinde,
374 2793 402 2856 si
432 2795 537 2858 cetera
563 2789 715 2855 animalia
742 2790 805 2854 hoc
828 2790 893 2854 irae
916 2792 991 2852 tuac
1014 2788 1088 2852 sub·

64 2882 166 2968 ducit,
194 2882 282 2968 quod
309 2880 445 2947 consilio
471 2882 592 2962 carent,
621 2876 733 2943 eodem
755 2879 828 2943 loco
851 2877 912 2942 tibi
936 2878 979 2944 sit
1001 2878 1088 2961 quis·
1107 2893 1136 2935 sc

154 3092 172 3147 1
190 3109 286 3146 sumus
300 3088 351 3157 A¹,
368 3089 416 3144 sed
433 3106 453 3142 u
470 3090 502 3143 ic
520 3088 531 3142 i
548 3075 609 3144 rad.
624 3103 693 3143 corr.
754 3087 867 3155 iniquas
890 3104 960 3143 corr.
979 3089 1012 3141 in
1034 3054 1088 3139 iui-¹

65 3181 137 3236 quus
155 3166 233 3220 ΑΗ
257 3166 266 3233 ll
288 3160 471 3217 EobiecitA
489 3159 577 3214 obicit
595 3171 613 3212 s
629 3165 686 3214 ete
726 3157 764 3232 ,ΙΙ
785 3157 915 3213 inirem
934 3157 1089 3212 dedocets

68 3237 169 3293 (1111111
194 3235 259 3289 1111
287 3233 370 3287 decet
395 3233 424 3288 A
450 3234 601 3300 utrumque
629 3229 712 3285 decet
732 3230 759 3284 L
787 3229 797 3301 11
829 3229 865 3285 lo
887 3227 1042 3283 lenioribus
1060 3229 1089 3282 L

65 3307 220 3364 leuioribus
239 3307 267 3361 A
287 3304 304 3430 i
325 3304 361 3358 la
383 3302 503 3357 maciem
523 3302 550 3356 L
572 3308 604 3357 111
623 3303 692 3445 colq.
715 3300 804 3355 aciem
824 3301 853 3356 A
873 3300 883 3372 ΙΙ
904 3299 939 3355 18
960 3316 1038 3355 orem
1060 3300 1088 3354 A

67 3397 135 3437 corr.
154 3379 223 3505 volq.
241 3375 286 3451 112
323 3390 423 3429 sanare
441 3386 459 3428 s
477 3373 572 3427 sanari
586 3373 646 3427 AL
677 3372 681 3445 Ι
702 3371 739 3426 21
756 3387 815 3426 una
832 3373 861 3428 A
879 3387 966 3425 unam
987 3370 1090 3426 Gruter

66 3469 101 3504 em
118 3463 135 3496 e
160 3450 172 3504 11
213 3446 310 3504 b-sibi
328 3446 431 3502 deutur
448 3445 499 3512 A¹,
522 3444 571 3500 sed
588 3443 619 3498 ui
637 3461 693 3499 ac.
713 3443 778 3498 add.
793 3442 835 3499 A¹
852 3443 862 3516 11
884 3441 920 3498 29
937 3443 1031 3497 cetera
1047 3443 1090 3497 A⁸

187 3519 234 3577 ’1ι
246 3521 386 3589 sumptura
399 3518 487 3588 plane
506 3532 586 3572 casa
605 3517 654 3585 est)
