2438 3846
380 176 430 232 nn
448 177 512 233 nm
531 177 598 233 nm.
612 177 648 236 11.
680 177 759 237 csP.
773 181 817 236 ar.
832 181 866 233 aa
1072 179 1133 246 101

110 348 173 411 que
206 346 263 390 ora
294 324 421 411 placida
454 324 668 390 tractantibus
705 324 930 407 adulantisque
967 322 1134 389 dominum

109 416 207 481 feras:
225 413 361 499 pudebit
378 437 452 481 cum
471 413 665 480 animalibus
683 416 883 498 permutasse
897 433 1012 478 mores.
1045 412 1135 477 nefas
1156 428 1171 477 7

110 508 159 572 est
189 525 305 571 nocere
336 505 473 590 patriae:
506 526 582 592 ergo
613 502 677 569 civi
707 524 851 588 quoque,
880 524 955 566 nam
984 503 1038 568 hie
1061 522 1135 588 pars

109 593 233 681 patriae
256 599 305 661 est
327 632 373 642 -
395 599 524 661 sanctae
547 596 654 680 partes
678 595 769 677 sunt,
792 592 820 659 si
838 591 1025 658 universum
1043 613 1136 656 vene·

78 683 210 749 arabile
233 688 283 750 est
305 720 359 766 -,
382 705 458 769 ergo
483 688 516 749 et
538 682 675 766 homini,
699 705 775 748 nam
798 682 852 748 hic
875 681 910 747 in
933 681 1054 747 maiore
1075 679 1136 745 tibi

109 772 190 837 urbe
220 772 299 839 civis
330 776 387 837 est.
439 773 518 856 quid
541 773 707 837 sincaere
729 772 831 837 velint
853 793 968 837 manus
992 770 1137 857 pedibus,

110 863 258 928 manibus
278 860 386 928 oculi?
422 865 460 926 ut
479 861 587 927 omnia
604 861 689 925 inter
708 882 741 926 se
761 862 904 926 membra
921 859 1136 941 consentiunt,

110 952 187 1037 quia
205 952 334 1039 singula
352 951 472 1016 servari
490 950 591 1016 totius
611 950 753 1034 interest,
771 950 818 1016 ita
835 949 984 1016 homines
999 949 1136 1035 singulis

109 1046 256 1128 parcent,
279 1041 356 1126 quia
378 1041 419 1106 ad
442 1045 571 1108 coetum
594 1039 696 1128 geniti
719 1043 808 1124 sunt,
831 1041 921 1105 salva
941 1042 1049 1105 autem
1068 1059 1137 1104 esse

65 1156 91 1195 ιο
110 1131 246 1197 societas
269 1131 333 1196 nisi
356 1130 503 1196 custodia
522 1135 554 1195 et
572 1152 681 1195 amore
699 1130 841 1214 partium
859 1151 927 1195 non
945 1133 1061 1214 potest.
1096 1149 1137 1192 ne
1156 1142 1173 1192 8

109 1221 235 1304 viperas
267 1219 397 1304 quidem
428 1222 460 1283 et
486 1219 639 1301 natrices,
663 1222 694 1283 et
718 1220 746 1282 si
769 1241 834 1302 qua
856 1240 967 1283 morsu
991 1223 1047 1282 aut
1070 1217 1138 1282 ictu

109 1312 238 1392 nocent,
256 1307 482 1395 affligeremus,
500 1307 580 1372 siin
598 1307 760 1392 reliquum
777 1307 1016 1373 mansuefacere
1029 1327 1138 1393 posse

110 1419 183 1464 mus
206 1402 263 1464 aut
286 1398 427 1481 efficere,
449 1420 490 1463 ne
508 1397 602 1464 nobis
621 1397 733 1463 aliisve
751 1396 895 1482 periculo
915 1399 1035 1463 essent:
1059 1417 1137 1482 ergo

109 1510 151 1552 ne
180 1487 307 1554 homini
336 1487 467 1572 quidem
496 1487 699 1571 necabimus,
726 1487 803 1572 quia
829 1487 990 1573 peccavit,
1017 1486 1073 1551 sed
1096 1508 1138 1550 ne

63 1600 89 1642 re
109 1580 236 1663 peccet,
263 1598 324 1642 nec
353 1599 508 1662 umquam
532 1577 573 1642 ad
595 1577 820 1660 praeteritum,
848 1576 904 1641 sed
927 1575 967 1640 ad
991 1576 1138 1640 futurum

109 1688 215 1752 poena
243 1666 413 1750 referetnr3
442 1688 510 1732 non
536 1665 622 1730 enim
650 1665 813 1748 irascitur,
836 1665 892 1729 sed
916 1669 1015 1730 cavet.
1061 1685 1138 1729 nam

110 1755 139 1822 si
161 1755 343 1841 puniendus
371 1759 421 1821 est
445 1754 638 1839 cuicumque
660 1775 797 1839 pravum
820 1753 1068 1837 maleficumque
1091 1753 1139 1817 in·

110 1845 242 1932 genium
267 1850 329 1929 est,
351 1863 457 1930 poena
479 1843 642 1910 neminem
666 1843 814 1928 excipiet.

199 1950 334 2017 XXXII.
371 1949 428 2016 ‘At
457 1951 543 2017 enim
573 1951 622 2017 ira
647 1952 746 2018 habet
769 1952 911 2037 aliquam
935 1952 1136 2035 voluptatem
1160 1966 1174 2016 l

63 2065 91 2105 ac
110 2045 143 2108 et
165 2041 258 2107 dulce
282 2044 331 2108 est
354 2041 499 2119 dolorem
521 2040 673 2108 reddere?
718 2041 865 2107 minime:
897 2063 963 2106 non
992 2041 1078 2104 enim
1101 2044 1139 2103 ut

109 2132 145 2197 in
175 2131 340 2197 beneficiis
371 2131 546 2197 honestum
577 2134 626 2197 est
658 2131 773 2204 merita
802 2129 926 2195 meritis
958 2150 1139 2214 repensare,
1184 2160 1188 2165 ·

109 2221 157 2286 ita
178 2221 312 2286 iniurias
335 2221 470 2287 iniuriis.
521 2220 588 2286 illic
611 2220 698 2286 vinci
720 2224 815 2305 turpe
840 2223 902 2304 est,
924 2218 978 2284 hic
1001 2219 1137 2285 vincere.

109 2310 324 2376 inhumanum
347 2311 482 2377 verbum
505 2314 554 2377 est
578 2314 610 2375 et
633 2309 764 2395 quidem
787 2313 846 2396 pro
866 2310 952 2375 iusto
971 2311 1137 2394 receptum

110 2399 207 2486 [ultio
239 2399 285 2486 et]
315 2400 403 2465 talio.
455 2409 524 2465 non
546 2401 687 2466 multum
710 2399 902 2466 differt...
926 2399 989 2465 nisi
1013 2397 1139 2463 ordine:

63 2510 91 2552 rs
111 2490 168 2574 qui
191 2490 336 2556 dolorem
359 2490 478 2578 regerit
500 2494 628 2555 tantum
652 2489 834 2555 excusatius
858 2492 980 2572 peccat.
1021 2487 1064 2552 Μ.
1083 2485 1175 2552 (la-2

109 2583 220 2645 tonem
239 2579 422 2666 [ignorans]
436 2578 471 2645 in
484 2580 612 2645 balineo
627 2578 758 2664 quidam
774 2576 933 2662 percussit
946 2576 1134 2662 inprudens:

201 2773 219 2829 8
237 2775 326 2830 totius
344 2786 362 2829 ς
380 2774 475 2844 potius
490 2774 518 2829 A
536 2773 546 2846 ll
564 2772 599 2828 12
618 2773 648 2828 in
667 2772 807 2842 reliquum
826 2784 844 2827 ς
862 2773 937 2830 Recte
955 2773 985 2826 in
999 2771 1139 2840 reliquam

111 2847 140 2901 A
157 2847 191 2900 ut
208 2844 319 2915 reliqua
337 2857 355 2900 ς
373 2853 399 2902 et
415 2845 518 2971 ⁴20po
543 2844 578 2901 21
601 2849 732 2916 reperere
748 2844 790 2899 Αὕ
807 2845 840 2899 in
856 2862 912 2900 raa.
928 2845 1017 2914 paulo
1035 2845 1140 2898 maiore

110 2918 256 2987 repensari
274 2919 302 2973 L
325 2917 329 2987 Ι
346 2917 382 2972 28
400 2920 430 2973 et
448 2917 498 2986 qui
519 2933 564 2971 em
578 2916 640 2972 AL
659 2915 741 2985 atqui
754 2915 831 2971 idem
846 2917 971 2971 Karsten
988 2915 998 2987 Η
1015 2913 1053 2969 24
1067 2914 1138 2969 ultio

111 2990 142 3043 et
158 2989 270 3044 seclusit
320 3005 385 3043 aare
408 2991 438 3044 et
459 2989 561 3044 vitiose
582 2988 698 3057 quidem
716 3004 767 3058 pro
786 2987 861 3042 iusto
880 2989 1039 3057 receptum,
1058 2985 1137 3042 talio.

110 3076 187 3116 neme
201 3060 286 3116 Gertz
338 3062 433 3130 oportit
450 3061 482 3115 in
500 3061 600 3116 litteris
618 3060 656 3116 ad
673 3077 715 3115 me
734 3060 809 3115 dctis
824 3061 853 3114 et
867 3058 983 3127 quidem
996 3074 1048 3128 pre
1062 3059 1139 3112 iusta

111 3133 258 3202 receptum
306 3132 384 3187 tione
403 3131 508 3187 ‘tali0’.
538 3133 571 3187 P.
586 3132 703 3187 llwmae
729 3133 875 3201 receptum
893 3129 972 3186 talio.
1002 3135 1055 3197 <a
1074 3146 1139 3184 con·

110 3203 266 3271 tumelia>
285 3220 342 3258 non
359 3221 396 3260 m.
412 3203 439 3259 d.
456 3204 614 3260 Fetdmaua
642 3205 644 3276 t
672 3202 794 3258 iniuriae
816 3209 881 3273 post
904 3201 999 3257 differt
1021 3202 1141 3257 {necuit

112 3275 196 3331 Gesta
226 3274 291 3330 Non
315 3275 438 3330 multum
462 3274 558 3332 differt
582 3275 638 3330 nisi
664 3274 775 3343 ordine,
799 3275 849 3344 qui
873 3272 998 3330 dolorem
1021 3273 1138 3343 regerit:

111 3347 225 3402 tantum
244 3364 267 3402 e.
281 3364 309 3416 p.
330 3349 363 3403 P.
376 3348 496 3403 Itomae
521 3347 532 3420 ΙΙ
558 3345 595 3401 26
617 3346 765 3417 ignorans,
789 3347 862 3415 qaod
883 3349 915 3401 tc
933 3348 962 3402 A
985 3352 1011 3400 et
1028 3346 1138 3414 quitus·

111 3417 178 3474 dam
195 3430 213 3472 ς
230 3419 275 3474 hie
293 3420 401 3490 legitur,
420 3420 452 3474 ia
470 3420 498 3474 L
513 3425 540 3474 et
552 3419 619 3473 aliie
632 3430 650 3473 ς
662 3417 856 3488 pecthelmo,
870 3424 903 3473 ct
917 3420 1139 3488 interpretamen-

110 3495 170 3545 tum
194 3491 269 3545 cocis
293 3490 448 3560 inprudens
476 3490 633 3546 delecemct
657 3496 719 3546 cett.
742 3489 802 3546 edd.
824 3489 889 3544 iude
915 3490 950 3544 ct
979 3487 1104 3542 Eidem?

111 3559 226 3631 baljneo
241 3560 283 3617 A¹
301 3564 406 3632 (postea
420 3561 433 3633 j
454 3564 536 3636 erce.)
