2438 3846
344 738 384 812 u.
412 738 606 812 rumim
633 737 853 812 sumnum

176 914 657 1016 DIALOGORVM
688 914 908 1013 LIBER
935 915 1022 1012 XI.
1111 994 1114 1000 .

494 1089 537 1130 AD
550 1088 710 1130 POLYBIVM

425 1212 475 1267 Du
495 1210 781 1267 CONSOLATIONE.

180 1481 204 1548 I.
243 1481 316 1569 [20]
348 1479 424 1522 ***
456 1486 585 1548 nostrae
617 1503 798 1567 compares,
834 1482 928 1547 firma
960 1486 1049 1566 sunt3
1086 1482 1148 1548 sil

91 1572 217 1660 redigas
245 1573 286 1638 ad
309 1571 536 1650 ,condicionem
562 1575 696 1637 naturae
724 1571 832 1636 omnia
860 1570 1052 1638 destruentis
1082 1576 1115 1637 et

90 1662 176 1728 unde
195 1661 295 1727 edidit
314 1661 426 1728 eodem
444 1661 639 1744 revocantis,
662 1660 783 1727 caduca
801 1665 885 1726 sunt.
932 1661 1009 1745 quid
1028 1660 1114 1726 euim

91 1752 273 1817 immortale
292 1771 406 1816 munus
425 1751 577 1817 mortales
596 1750 765 1817 fecersmt‘?
803 1753 926 1834 septem
945 1750 1003 1815 illa
1020 1750 1114 1815 mira·

60 1841 166 1907 scula
192 1844 225 1906 et
252 1839 281 1905 si
308 1861 373 1924 qua
399 1839 451 1904 his
478 1841 582 1905 multo
610 1839 809 1906 mirabiliora
832 1839 1037 1924 sequentium
1060 1862 1114 1904 an-

90 1950 208 1997 norum
238 1928 380 1994 extruxit
417 1928 548 1994 “mbitio
586 1929 759 2012 aliquando
794 1929 865 1993 solo
901 1933 1038 2012 aequata
1068 1929 1115 1992 vi·

92 2022 211 2084 santur.
257 2017 304 2083 ita
322 2021 384 2083 est:
406 2017 491 2082 nihil
508 2021 713 2103 perpetuum,
731 2038 837 2102 pauca
853 2017 1006 2082 diuturna
1024 2022 1114 2101 sunt3

92 2106 180 2172 aliud
210 2107 274 2172 alio
305 2106 401 2172 modo
431 2107 547 2193 fragile
577 2111 639 2190 est,
668 2128 775 2171 rerum
806 2107 911 2172 exitus
939 2107 1116 2189 variantur,

92 2199 234 2261 ceterum
267 2195 422 2280 quicquid
441 2194 560 2281 ‘coepit
593 2198 626 2260 et
656 2194 783 2260 desinit.
828 2195 949 2260 mundo
983 2193 1148 2280 quidemr

46 2307 75 2348 ιο
91 2285 256 2350 minantur
291 2285 459 2351 interitum
491 2290 524 2350 et
554 2285 618 2351 hoc
649 2285 850 2368 universum,
885 2284 973 2369 quod
1006 2284 1115 2350 omnia

93 2373 202 2439 divina
227 2372 433 2458 humanaque
460 2373 699 2460 complectitur,
726 2374 754 2438 si
781 2373 830 2438 fas
858 2377 954 2458 putas
978 2373 1115 2457 credere,

93 2462 161 2528 dies
184 2462 301 2547 aliquis
325 2461 494 2547 dissipabit
517 2468 549 2528 et
571 2463 606 2527 in
629 2462 850 2528 contusionem
869 2466 1115 2528 veteremtene-

91 2551 230 2636 brasque
258 2551 435 2638 demerget:
465 2555 517 2616 sat
543 2572 631 2617 nunc
658 2551 775 2635 aliquis
805 2554 837 2616 et
860 2551 1004 2638 singulas
1028 2572 1114 2617 com·

91 2640 199 2725 ploret
226 2640 365 2723 animas,
392 2637 596 2725 Carthaginis
623 2661 661 2704 ac
682 2639 879 2705 Numantiae
903 2639 1115 2723 Corinthique

47 2749 73 2792 rs
92 2727 233 2794 cinerem
255 2732 287 2793 et
310 2729 338 2793 si
357 2727 435 2812 quid
454 2728 541 2793 aliud
560 2728 656 2794 altius
676 2729 791 2794 cecidit
808 2728 1017 2813 lamentetur,
1039 2750 1114 2796 cum

92 2817 190 2883 etiam
203 2817 267 2882 hoo
285 2816 373 2900 quod
390 2816 568 2883 nonhabet
582 2838 646 2901 quo
661 2816 756 2883 cadat
769 2818 812 2882 sit
825 2818 1047 2903 interiturum3
1062 2821 1115 2883 eat
1163 2821 1164 2824 ’

92 2906 210 2990 aliquis
233 2908 266 2970 et
287 2905 355 2971 fata
371 2909 503 2971 tantum
526 2904 700 2989 aliquando
723 2906 812 2972 nefas
832 2929 949 2972 ausura
967 2907 1116 2973 sibinen

91 2994 273 3079 pepercisse
296 2997 519 3077 conqueratur.
565 2993 648 3080 [21]
694 2996 765 3080 quis
788 3000 855 3060 tam
879 2997 1034 3080 superbae
1057 2997 1150 3060 ime

182 3167 198 3223 1
217 3171 269 3223 nie
282 3168 344 3224 BG
362 3171 459 3224 nostra
473 3169 504 3225 F
518 3172 570 3224 nra
585 3170 620 3224 H
637 3169 661 3224 si
675 3172 710 3223 ne
729 3171 766 3239 (=
779 3170 909 3239 naturae)
924 3170 954 3224 D
973 3169 1071 3223 uiuite
1085 3169 1117 3223 E

92 3257 127 3295 m.
142 3242 161 3295 2
178 3239 277 3295 sinite
290 3243 385 3295 nosne
400 3241 426 3297 V
440 3243 603 3297 senteutiam
620 3258 747 3296 inuocem
762 3242 802 3296 sic
814 3242 903 3310 explet
918 3241 1012 3296 Gerus:
1030 3239 1115 3295 urbas

93 3327 127 3365 ac
145 3314 328 3368 monumenta
347 3328 413 3367 saxo
433 3314 554 3380 structa,
573 3313 599 3367 si
616 3313 692 3369 vitae
710 3315 823 3367 nostrae
842 3327 988 3382 compares
1008 3311 1018 3384 Η
1038 3311 1057 3367 4
1074 3310 1116 3368 fe·

93 3385 193 3438 cerunt
207 3384 277 3438 DH
279 3385 307 3439 V
319 3391 352 3439 ut
369 3386 439 3440 cont
459 3384 488 3440 0.
503 3385 538 3441 F.
552 3385 595 3440 W.
611 3385 717 3441 Mulier
734 3383 853 3440 fecerint
868 3385 892 3440 0
907 3383 918 3456 ll
937 3383 955 3438 9
973 3382 1080 3438 desinit
1094 3383 1118 3437 G

93 3454 204 3509 desinet
213 3455 244 3511 F
257 3455 268 3526 lt
285 3455 322 3509 15
340 3455 419 3509 aliud
438 3454 524 3509 altius
539 3456 563 3512 0
580 3455 667 3510 altius
686 3455 713 3510 G
722 3457 752 3510 Η
766 3455 837 3528 ttlb
854 3456 950 3508 etium
956 3454 1026 3502 ‘noc
1035 3451 1063 3501 Q,
1070 3451 1143 3496 *nse

93 3525 180 3581 etiem
193 3527 227 3581 F
237 3526 251 3598 p
266 3526 303 3582 18
321 3529 513 3598 conqueratur
531 3528 556 3586 0
580 3530 722 3601 queratur
737 3527 766 3583 F
