<?xml version="1.0" encoding="UTF-8"?>
<!DOCTYPE html PUBLIC "-//W3C//DTD XHTML 1.0 Transitional//EN"
    "http://www.w3.org/TR/xhtml1/DTD/xhtml1-transitional.dtd">
<html xmlns="http://www.w3.org/1999/xhtml" xml:lang="en" lang="en">
 <head>
  <title>
</title>
<meta http-equiv="Content-Type" content="text/html;charset=utf-8" />
  <meta name='ocr-system' content='tesseract 3.04.00' />
  <meta name='ocr-capabilities' content='ocr_page ocr_carea ocr_par ocr_line ocrx_word'/>
</head>
<body>
  <div class='ocr_page' id='page_1' title='image "./lannaeisenecaeo02senegoog_0035.png"; bbox 0 0 2438 3846; ppageno 0'>
   <div class='ocr_carea' id='block_1_1' title="bbox 392 195 1127 276">
    <p class='ocr_par' dir='ltr' id='par_1_1' title="bbox 392 195 1127 276">
     <span class='ocr_line' id='line_1_1' title="bbox 392 195 1127 276; baseline -0.001 -25"><span class='ocrx_word' id='word_1_1' title='bbox 392 196 442 251; x_wconf 82' lang='lat' dir='ltr'>DE</span> <span class='ocrx_word' id='word_1_2' title='bbox 460 196 714 276; x_wconf 79' lang='lat' dir='ltr'>PROVIDENTIA</span> <span class='ocrx_word' id='word_1_3' title='bbox 732 195 839 251; x_wconf 67' lang='lat' dir='ltr'>odra</span> <span class='ocrx_word' id='word_1_4' title='bbox 1106 203 1127 266; x_wconf 83' lang='lat'>9</span> 
     </span>
    </p>
   </div>
   <div class='ocr_carea' id='block_1_2' title="bbox 55 342 1179 2930">
    <p class='ocr_par' dir='ltr' id='par_1_2' title="bbox 104 342 1127 696">
     <span class='ocr_line' id='line_1_2' title="bbox 105 342 1126 430; baseline -0.002 -20"><span class='ocrx_word' id='word_1_5' title='bbox 105 344 226 410; x_wconf 76' lang='lat' dir='ltr'>cionem</span> <span class='ocrx_word' id='word_1_6' title='bbox 249 363 326 430; x_wconf 82' lang='lat' dir='ltr'>ergo</span> <span class='ocrx_word' id='word_1_7' title='bbox 349 345 387 406; x_wconf 91' lang='lat' dir='ltr'>tu</span> <span class='ocrx_word' id='word_1_8' title='bbox 405 342 624 409; x_wconf 80' lang='lat' dir='ltr'>Maecenatem</span> <span class='ocrx_word' id='word_1_9' title='bbox 642 347 752 428; x_wconf 87' lang='lat' dir='ltr'>putas,</span> <span class='ocrx_word' id='word_1_10' title='bbox 776 343 828 410; x_wconf 93' lang='lat' dir='ltr'>cui</span> <span class='ocrx_word' id='word_1_11' title='bbox 847 343 1011 408; x_wconf 89' lang='lat' dir='ltr'>amoribus</span> <span class='ocrx_word' id='word_1_12' title='bbox 1031 345 1126 408; x_wconf 88' lang='lat' dir='ltr'>auxio</span> 
     </span>
     <span class='ocr_line' id='line_1_3' title="bbox 106 431 1126 517; baseline -0.002 -18"><span class='ocrx_word' id='word_1_13' title='bbox 106 438 140 499; x_wconf 91' lang='lat' dir='ltr'>et</span> <span class='ocrx_word' id='word_1_14' title='bbox 167 453 314 498; x_wconf 88' lang='lat' dir='ltr'>morosae</span> <span class='ocrx_word' id='word_1_15' title='bbox 343 431 454 497; x_wconf 86' lang='lat' dir='ltr'>uxoris</span> <span class='ocrx_word' id='word_1_16' title='bbox 480 432 646 498; x_wconf 87' lang='lat' dir='ltr'>cotidiana</span> <span class='ocrx_word' id='word_1_17' title='bbox 673 432 808 517; x_wconf 88' lang='lat' dir='ltr'>repudia</span> <span class='ocrx_word' id='word_1_18' title='bbox 835 432 967 498; x_wconf 89' lang='lat' dir='ltr'>deflenti</span> <span class='ocrx_word' id='word_1_19' title='bbox 994 452 1126 498; x_wconf 87' lang='lat' dir='ltr'>somnus</span> 
     </span>
     <span class='ocr_line' id='line_1_4' title="bbox 105 521 1127 608; baseline -0.001 -20"><span class='ocrx_word' id='word_1_20' title='bbox 105 544 164 607; x_wconf 90' lang='lat' dir='ltr'>per</span> <span class='ocrx_word' id='word_1_21' title='bbox 194 521 461 608; x_wconf 80' lang='lat' dir='ltr'><strong>symphoniarum</strong></span> <span class='ocrx_word' id='word_1_22' title='bbox 493 525 624 587; x_wconf 85' lang='lat' dir='ltr'>cantum</span> <span class='ocrx_word' id='word_1_23' title='bbox 656 544 696 587; x_wconf 87' lang='lat' dir='ltr'>ex</span> <span class='ocrx_word' id='word_1_24' title='bbox 724 521 905 608; x_wconf 82' lang='lat' dir='ltr'>longinquo</span> <span class='ocrx_word' id='word_1_25' title='bbox 937 523 1010 586; x_wconf 90' lang='lat' dir='ltr'>lene</span> <span class='ocrx_word' id='word_1_26' title='bbox 1042 544 1127 588; x_wconf 88' lang='lat' dir='ltr'>reso·</span> 
     </span>
     <span class='ocr_line' id='line_1_5' title="bbox 104 610 1127 696; baseline -0.002 -18"><span class='ocrx_word' id='word_1_27' title='bbox 104 612 252 678; x_wconf 88' lang='lat' dir='ltr'>nautium</span> <span class='ocrx_word' id='word_1_28' title='bbox 280 610 466 696; x_wconf 81' lang='lat' dir='ltr'>quaeritur?</span> <span class='ocrx_word' id='word_1_29' title='bbox 511 632 600 676; x_wconf 91' lang='lat' dir='ltr'>mero</span> <span class='ocrx_word' id='word_1_30' title='bbox 630 633 665 676; x_wconf 90' lang='lat' dir='ltr'>se</span> <span class='ocrx_word' id='word_1_31' title='bbox 686 611 764 677; x_wconf 84' lang='lat' dir='ltr'>licet</span> <span class='ocrx_word' id='word_1_32' title='bbox 786 611 892 696; x_wconf 90' lang='lat' dir='ltr'>sopiat</span> <span class='ocrx_word' id='word_1_33' title='bbox 915 614 948 676; x_wconf 91' lang='lat' dir='ltr'>et</span> <span class='ocrx_word' id='word_1_34' title='bbox 969 632 1127 695; x_wconf 88' lang='lat' dir='ltr'>aquarum</span> 
     </span>
    </p>

    <p class='ocr_par' dir='ltr' id='par_1_3' title="bbox 73 700 1128 1145">
     <span class='ocr_line' id='line_1_6' title="bbox 73 700 1126 788; baseline 0.003 -26"><span class='ocrx_word' id='word_1_35' title='bbox 73 721 86 762; x_wconf 84' lang='lat' dir='ltr'>s</span> <span class='ocrx_word' id='word_1_36' title='bbox 104 701 286 788; x_wconf 79' lang='lat' dir='ltr'>fragoribus</span> <span class='ocrx_word' id='word_1_37' title='bbox 308 703 425 767; x_wconf 85' lang='lat' dir='ltr'>avocet</span> <span class='ocrx_word' id='word_1_38' title='bbox 447 704 480 766; x_wconf 90' lang='lat' dir='ltr'>et</span> <span class='ocrx_word' id='word_1_39' title='bbox 497 700 587 766; x_wconf 88' lang='lat' dir='ltr'>mille</span> <span class='ocrx_word' id='word_1_40' title='bbox 599 700 822 784; x_wconf 79' lang='lat' dir='ltr'>voluptatibus</span> <span class='ocrx_word' id='word_1_41' title='bbox 841 704 983 766; x_wconf 77' lang='lat' dir='ltr'>mentem</span> <span class='ocrx_word' id='word_1_42' title='bbox 998 701 1126 766; x_wconf 80' lang='lat' dir='ltr'>anxiam</span> 
     </span>
     <span class='ocr_line' id='line_1_7' title="bbox 103 788 1127 876; baseline -0.002 -20"><span class='ocrx_word' id='word_1_43' title='bbox 103 790 209 856; x_wconf 85' lang='lat' dir='ltr'>fallat:</span> <span class='ocrx_word' id='word_1_44' title='bbox 232 794 300 855; x_wconf 84' lang='lat' dir='ltr'>tam</span> <span class='ocrx_word' id='word_1_45' title='bbox 323 789 473 876; x_wconf 73' lang='lat' dir='ltr'>vigilabit</span> <span class='ocrx_word' id='word_1_46' title='bbox 494 789 530 854; x_wconf 90' lang='lat' dir='ltr'>in</span> <span class='ocrx_word' id='word_1_47' title='bbox 552 789 664 874; x_wconf 90' lang='lat' dir='ltr'>pluma</span> <span class='ocrx_word' id='word_1_48' title='bbox 687 810 785 874; x_wconf 92' lang='lat' dir='ltr'>quam</span> <span class='ocrx_word' id='word_1_49' title='bbox 807 790 864 855; x_wconf 90' lang='lat' dir='ltr'>ille</span> <span class='ocrx_word' id='word_1_50' title='bbox 886 791 922 855; x_wconf 87' lang='lat' dir='ltr'>in</span> <span class='ocrx_word' id='word_1_51' title='bbox 940 809 1047 874; x_wconf 87' lang='lat' dir='ltr'>cruce;</span> <span class='ocrx_word' id='word_1_52' title='bbox 1071 788 1127 855; x_wconf 91' lang='lat' dir='ltr'>sed</span> 
     </span>
     <span class='ocr_line' id='line_1_8' title="bbox 102 877 1127 963; baseline -0.002 -17"><span class='ocrx_word' id='word_1_53' title='bbox 102 880 153 945; x_wconf 91' lang='lat' dir='ltr'>illi</span> <span class='ocrx_word' id='word_1_54' title='bbox 176 879 332 946; x_wconf 89' lang='lat' dir='ltr'>solacium</span> <span class='ocrx_word' id='word_1_55' title='bbox 356 883 405 945; x_wconf 90' lang='lat' dir='ltr'>est</span> <span class='ocrx_word' id='word_1_56' title='bbox 428 900 487 963; x_wconf 89' lang='lat' dir='ltr'>pro</span> <span class='ocrx_word' id='word_1_57' title='bbox 510 877 647 944; x_wconf 88' lang='lat' dir='ltr'>honesto</span> <span class='ocrx_word' id='word_1_58' title='bbox 671 877 751 945; x_wconf 85' lang='lat' dir='ltr'>dura</span> <span class='ocrx_word' id='word_1_59' title='bbox 772 880 912 944; x_wconf 88' lang='lat' dir='ltr'>tolerare</span> <span class='ocrx_word' id='word_1_60' title='bbox 935 883 968 945; x_wconf 88' lang='lat' dir='ltr'>et</span> <span class='ocrx_word' id='word_1_61' title='bbox 991 878 1031 943; x_wconf 89' lang='lat' dir='ltr'>ad</span> <span class='ocrx_word' id='word_1_62' title='bbox 1055 901 1127 945; x_wconf 90' lang='lat' dir='ltr'>cau-</span> 
     </span>
     <span class='ocr_line' id='line_1_9' title="bbox 104 967 1127 1054; baseline -0.003 -19"><span class='ocrx_word' id='word_1_63' title='bbox 104 990 173 1035; x_wconf 91' lang='lat' dir='ltr'>sam</span> <span class='ocrx_word' id='word_1_64' title='bbox 197 991 216 1033; x_wconf 91' lang='lat' dir='ltr'>a</span> <span class='ocrx_word' id='word_1_65' title='bbox 238 969 395 1054; x_wconf 86' lang='lat' dir='ltr'>patientia</span> <span class='ocrx_word' id='word_1_66' title='bbox 415 967 561 1053; x_wconf 81' lang='lat' dir='ltr'>respicit,</span> <span class='ocrx_word' id='word_1_67' title='bbox 586 967 675 1033; x_wconf 91' lang='lat' dir='ltr'>hunc</span> <span class='ocrx_word' id='word_1_68' title='bbox 697 968 920 1053; x_wconf 85' lang='lat' dir='ltr'>voluptatibus</span> <span class='ocrx_word' id='word_1_69' title='bbox 949 968 1127 1034; x_wconf 88' lang='lat' dir='ltr'>marcidum</span> 
     </span>
     <span class='ocr_line' id='line_1_10' title="bbox 103 1056 1128 1145; baseline -0.001 -21"><span class='ocrx_word' id='word_1_70' title='bbox 103 1063 137 1124; x_wconf 90' lang='lat' dir='ltr'>et</span> <span class='ocrx_word' id='word_1_71' title='bbox 158 1058 313 1124; x_wconf 83' lang='lat' dir='ltr'>felicitate</span> <span class='ocrx_word' id='word_1_72' title='bbox 342 1056 442 1123; x_wconf 87' lang='lat' dir='ltr'>nimie</span> <span class='ocrx_word' id='word_1_73' title='bbox 471 1057 673 1123; x_wconf 88' lang='lat' dir='ltr'>laborantem</span> <span class='ocrx_word' id='word_1_74' title='bbox 703 1058 807 1145; x_wconf 80' lang='lat' dir='ltr'>magis</span> <span class='ocrx_word' id='word_1_75' title='bbox 834 1058 862 1123; x_wconf 93' lang='lat' dir='ltr'>is</span> <span class='ocrx_word' id='word_1_76' title='bbox 894 1080 976 1143; x_wconf 89' lang='lat' dir='ltr'>quae</span> <span class='ocrx_word' id='word_1_77' title='bbox 1003 1058 1128 1143; x_wconf 84' lang='lat' dir='ltr'>patitur</span> 
     </span>
    </p>

    <p class='ocr_par' dir='ltr' id='par_1_4' title="bbox 57 1146 1178 1590">
     <span class='ocr_line' id='line_1_11' title="bbox 57 1146 1178 1233; baseline 0.004 -24"><span class='ocrx_word' id='word_1_78' title='bbox 57 1169 86 1216; x_wconf 84' lang='lat' dir='ltr'>m</span> <span class='ocrx_word' id='word_1_79' title='bbox 102 1151 199 1214; x_wconf 80' lang='lat' dir='ltr'>vexat</span> <span class='ocrx_word' id='word_1_80' title='bbox 227 1169 324 1214; x_wconf 88' lang='lat' dir='ltr'>causa</span> <span class='ocrx_word' id='word_1_81' title='bbox 344 1146 499 1232; x_wconf 89' lang='lat' dir='ltr'>patiendi.</span> <span class='ocrx_word' id='word_1_82' title='bbox 544 1168 612 1213; x_wconf 90' lang='lat' dir='ltr'>non</span> <span class='ocrx_word' id='word_1_83' title='bbox 638 1168 741 1230; x_wconf 89' lang='lat' dir='ltr'>usque</span> <span class='ocrx_word' id='word_1_84' title='bbox 769 1169 807 1212; x_wconf 88' lang='lat' dir='ltr'>eo</span> <span class='ocrx_word' id='word_1_85' title='bbox 831 1148 865 1212; x_wconf 92' lang='lat' dir='ltr'>in</span> <span class='ocrx_word' id='word_1_86' title='bbox 888 1148 1126 1233; x_wconf 90' lang='lat' dir='ltr'>possessionem</span> <span class='ocrx_word' id='word_1_87' title='bbox 1147 1165 1178 1214; x_wconf 90' lang='lat'>11</span> 
     </span>
     <span class='ocr_line' id='line_1_12' title="bbox 103 1235 1127 1324; baseline -0.001 -21"><span class='ocrx_word' id='word_1_88' title='bbox 103 1237 229 1324; x_wconf 83' lang='lat' dir='ltr'>generis</span> <span class='ocrx_word' id='word_1_89' title='bbox 252 1235 386 1302; x_wconf 88' lang='lat' dir='ltr'>humani</span> <span class='ocrx_word' id='word_1_90' title='bbox 404 1235 485 1300; x_wconf 81' lang='lat' dir='ltr'>vitia</span> <span class='ocrx_word' id='word_1_91' title='bbox 502 1239 675 1319; x_wconf 81' lang='lat' dir='ltr'>venerunt,</span> <span class='ocrx_word' id='word_1_92' title='bbox 696 1240 734 1301; x_wconf 92' lang='lat' dir='ltr'>ut</span> <span class='ocrx_word' id='word_1_93' title='bbox 757 1235 891 1302; x_wconf 87' lang='lat' dir='ltr'>dubium</span> <span class='ocrx_word' id='word_1_94' title='bbox 915 1237 959 1302; x_wconf 94' lang='lat' dir='ltr'>sit</span> <span class='ocrx_word' id='word_1_95' title='bbox 982 1259 1023 1301; x_wconf 89' lang='lat' dir='ltr'>an</span> <span class='ocrx_word' id='word_1_96' title='bbox 1046 1238 1127 1302; x_wconf 92' lang='lat' dir='ltr'>elec-</span> 
     </span>
     <span class='ocr_line' id='line_1_13' title="bbox 102 1324 1127 1411; baseline -0.002 -18"><span class='ocrx_word' id='word_1_97' title='bbox 102 1326 191 1393; x_wconf 90' lang='lat' dir='ltr'>tione</span> <span class='ocrx_word' id='word_1_98' title='bbox 220 1325 280 1391; x_wconf 87' lang='lat' dir='ltr'>fati</span> <span class='ocrx_word' id='word_1_99' title='bbox 310 1327 385 1390; x_wconf 92' lang='lat' dir='ltr'>data</span> <span class='ocrx_word' id='word_1_100' title='bbox 407 1325 516 1410; x_wconf 91' lang='lat' dir='ltr'>plures</span> <span class='ocrx_word' id='word_1_101' title='bbox 546 1326 635 1391; x_wconf 89' lang='lat' dir='ltr'>nasci</span> <span class='ocrx_word' id='word_1_102' title='bbox 658 1324 777 1411; x_wconf 81' lang='lat' dir='ltr'>Reguli</span> <span class='ocrx_word' id='word_1_103' title='bbox 805 1348 902 1410; x_wconf 90' lang='lat' dir='ltr'>quam</span> <span class='ocrx_word' id='word_1_104' title='bbox 925 1326 1127 1391; x_wconf 78' lang='lat' dir='ltr'>Maecenates</span> 
     </span>
     <span class='ocr_line' id='line_1_14' title="bbox 102 1413 1126 1500; baseline -0.001 -19"><span class='ocrx_word' id='word_1_105' title='bbox 102 1416 218 1499; x_wconf 78' lang='lat' dir='ltr'>selint3</span> <span class='ocrx_word' id='word_1_106' title='bbox 241 1418 298 1480; x_wconf 84' lang='lat' dir='ltr'>sut</span> <span class='ocrx_word' id='word_1_107' title='bbox 316 1415 344 1480; x_wconf 92' lang='lat' dir='ltr'>si</span> <span class='ocrx_word' id='word_1_108' title='bbox 363 1415 435 1500; x_wconf 88' lang='lat' dir='ltr'>quis</span> <span class='ocrx_word' id='word_1_109' title='bbox 452 1414 563 1499; x_wconf 83' lang='lat' dir='ltr'>fuerit,</span> <span class='ocrx_word' id='word_1_110' title='bbox 582 1415 638 1498; x_wconf 90' lang='lat' dir='ltr'>qui</span> <span class='ocrx_word' id='word_1_111' title='bbox 657 1414 774 1480; x_wconf 90' lang='lat' dir='ltr'>audeat</span> <span class='ocrx_word' id='word_1_112' title='bbox 788 1413 893 1481; x_wconf 89' lang='lat' dir='ltr'>dicere</span> <span class='ocrx_word' id='word_1_113' title='bbox 907 1415 1126 1481; x_wconf 87' lang='lat' dir='ltr'>Maecenatem</span> 
     </span>
     <span class='ocr_line' id='line_1_15' title="bbox 102 1503 1127 1590; baseline -0.001 -19"><span class='ocrx_word' id='word_1_114' title='bbox 102 1526 137 1571; x_wconf 89' lang='lat' dir='ltr'>se</span> <span class='ocrx_word' id='word_1_115' title='bbox 170 1527 267 1590; x_wconf 88' lang='lat' dir='ltr'>quam</span> <span class='ocrx_word' id='word_1_116' title='bbox 290 1503 454 1590; x_wconf 80' lang='lat' dir='ltr'>Regulum</span> <span class='ocrx_word' id='word_1_117' title='bbox 485 1503 575 1570; x_wconf 87' lang='lat' dir='ltr'>uesci</span> <span class='ocrx_word' id='word_1_118' title='bbox 605 1503 771 1586; x_wconf 82' lang='lat' dir='ltr'>maluisse,</span> <span class='ocrx_word' id='word_1_119' title='bbox 801 1504 887 1569; x_wconf 91' lang='lat' dir='ltr'>idem</span> <span class='ocrx_word' id='word_1_120' title='bbox 916 1505 992 1587; x_wconf 89' lang='lat' dir='ltr'>iste,</span> <span class='ocrx_word' id='word_1_121' title='bbox 1021 1509 1127 1570; x_wconf 84' lang='lat' dir='ltr'>taceat</span> 
     </span>
    </p>

    <p class='ocr_par' dir='ltr' id='par_1_5' title="bbox 55 1591 1179 1768">
     <span class='ocr_line' id='line_1_16' title="bbox 55 1591 1179 1678; baseline 0.003 -22"><span class='ocrx_word' id='word_1_122' title='bbox 55 1615 82 1656; x_wconf 79' lang='lat' dir='ltr'>rs</span> <span class='ocrx_word' id='word_1_123' title='bbox 101 1595 193 1678; x_wconf 91' lang='lat' dir='ltr'>licet,</span> <span class='ocrx_word' id='word_1_124' title='bbox 227 1593 318 1660; x_wconf 90' lang='lat' dir='ltr'>nasci</span> <span class='ocrx_word' id='word_1_125' title='bbox 355 1615 389 1658; x_wconf 89' lang='lat' dir='ltr'>se</span> <span class='ocrx_word' id='word_1_126' title='bbox 421 1591 604 1659; x_wconf 78' lang='lat' dir='ltr'>Terentiam</span> <span class='ocrx_word' id='word_1_127' title='bbox 647 1594 771 1658; x_wconf 87' lang='lat' dir='ltr'>maluit.</span> <span class='ocrx_word' id='word_1_128' title='bbox 826 1595 909 1658; x_wconf 86' lang='lat' dir='ltr'>mule</span> <span class='ocrx_word' id='word_1_129' title='bbox 951 1598 1125 1659; x_wconf 64' lang='lat' dir='ltr'>mactatum</span> <span class='ocrx_word' id='word_1_130' title='bbox 1147 1610 1179 1659; x_wconf 73' lang='lat'>12</span> 
     </span>
     <span class='ocr_line' id='line_1_17' title="bbox 102 1680 1125 1768; baseline -0.003 -19"><span class='ocrx_word' id='word_1_131' title='bbox 102 1680 270 1749; x_wconf 85' lang='lat' dir='ltr'>Socratem</span> <span class='ocrx_word' id='word_1_132' title='bbox 288 1681 436 1766; x_wconf 50' lang='lat' dir='ltr'>iudicass</span> <span class='ocrx_word' id='word_1_133' title='bbox 449 1681 536 1767; x_wconf 92' lang='lat' dir='ltr'>quod</span> <span class='ocrx_word' id='word_1_134' title='bbox 555 1683 645 1747; x_wconf 91' lang='lat' dir='ltr'>illam</span> <span class='ocrx_word' id='word_1_135' title='bbox 659 1683 827 1768; x_wconf 85' lang='lat' dir='ltr'>potionem</span> <span class='ocrx_word' id='word_1_136' title='bbox 842 1683 971 1767; x_wconf 86' lang='lat' dir='ltr'>publice</span> <span class='ocrx_word' id='word_1_137' title='bbox 990 1683 1125 1747; x_wconf 84' lang='lat' dir='ltr'>mixtam</span> 
     </span>
    </p>

    <p class='ocr_par' dir='ltr' id='par_1_6' title="bbox 73 1770 1127 2037">
     <span class='ocr_line' id='line_1_18' title="bbox 73 1770 1127 1857; baseline 0.004 -24"><span class='ocrx_word' id='word_1_138' title='bbox 73 1827 77 1833; x_wconf 88' lang='grc'><em>,</em></span> <span class='ocrx_word' id='word_1_139' title='bbox 101 1793 169 1837; x_wconf 89' lang='lat' dir='ltr'>nou</span> <span class='ocrx_word' id='word_1_140' title='bbox 192 1772 286 1838; x_wconf 83' lang='lat' dir='ltr'>aliter</span> <span class='ocrx_word' id='word_1_141' title='bbox 309 1793 407 1857; x_wconf 89' lang='lat' dir='ltr'>quam</span> <span class='ocrx_word' id='word_1_142' title='bbox 430 1771 700 1837; x_wconf 87' lang='lat' dir='ltr'>medicamentum</span> <span class='ocrx_word' id='word_1_143' title='bbox 724 1770 966 1837; x_wconf 79' lang='lat' dir='ltr'>inmortalitatis</span> <span class='ocrx_word' id='word_1_144' title='bbox 990 1772 1127 1837; x_wconf 83' lang='lat' dir='ltr'>obduxit</span> 
     </span>
     <span class='ocr_line' id='line_1_19' title="bbox 101 1860 1125 1946; baseline -0.002 -20"><span class='ocrx_word' id='word_1_145' title='bbox 101 1865 135 1926; x_wconf 87' lang='lat' dir='ltr'>st</span> <span class='ocrx_word' id='word_1_146' title='bbox 165 1860 204 1927; x_wconf 90' lang='lat' dir='ltr'>de</span> <span class='ocrx_word' id='word_1_147' title='bbox 234 1865 338 1926; x_wconf 90' lang='lat' dir='ltr'>morte</span> <span class='ocrx_word' id='word_1_148' title='bbox 369 1861 547 1946; x_wconf 82' lang='lat' dir='ltr'>disputarit</span> <span class='ocrx_word' id='word_1_149' title='bbox 575 1881 678 1944; x_wconf 89' lang='lat' dir='ltr'>usque</span> <span class='ocrx_word' id='word_1_150' title='bbox 707 1860 897 1945; x_wconf 83' lang='lat' dir='ltr'>adipsum?</span> <span class='ocrx_word' id='word_1_151' title='bbox 943 1861 1027 1926; x_wconf 91' lang='lat' dir='ltr'>male</span> <span class='ocrx_word' id='word_1_152' title='bbox 1051 1882 1125 1925; x_wconf 89' lang='lat' dir='ltr'>cum</span> 
     </span>
     <span class='ocr_line' id='line_1_20' title="bbox 101 1950 1125 2037; baseline -0.002 -21"><span class='ocrx_word' id='word_1_153' title='bbox 101 1950 159 2016; x_wconf 93' lang='lat' dir='ltr'>illo</span> <span class='ocrx_word' id='word_1_154' title='bbox 190 1953 299 2016; x_wconf 88' lang='lat' dir='ltr'>actum</span> <span class='ocrx_word' id='word_1_155' title='bbox 323 1953 385 2034; x_wconf 85' lang='lat' dir='ltr'>est,</span> <span class='ocrx_word' id='word_1_156' title='bbox 413 1951 501 2034; x_wconf 91' lang='lat' dir='ltr'>quod</span> <span class='ocrx_word' id='word_1_157' title='bbox 528 1951 654 2037; x_wconf 81' lang='lat' dir='ltr'>gelatus</span> <span class='ocrx_word' id='word_1_158' title='bbox 678 1953 728 2016; x_wconf 89' lang='lat' dir='ltr'>est</span> <span class='ocrx_word' id='word_1_159' title='bbox 751 1951 882 2037; x_wconf 82' lang='lat' dir='ltr'>sanguis</span> <span class='ocrx_word' id='word_1_160' title='bbox 906 1971 943 2015; x_wconf 91' lang='lat' dir='ltr'>ac</span> <span class='ocrx_word' id='word_1_161' title='bbox 967 1951 1125 2034; x_wconf 91' lang='lat' dir='ltr'>paulatim</span> 
     </span>
    </p>

    <p class='ocr_par' dir='ltr' id='par_1_7' title="bbox 55 2039 1178 2485">
     <span class='ocr_line' id='line_1_21' title="bbox 55 2039 1178 2127; baseline 0.003 -25"><span class='ocrx_word' id='word_1_162' title='bbox 55 2063 84 2102; x_wconf 79' lang='lat' dir='ltr'>so</span> <span class='ocrx_word' id='word_1_163' title='bbox 100 2039 223 2127; x_wconf 80' lang='lat' dir='ltr'>frigore</span> <span class='ocrx_word' id='word_1_164' title='bbox 240 2039 373 2106; x_wconf 89' lang='lat' dir='ltr'>inducto</span> <span class='ocrx_word' id='word_1_165' title='bbox 387 2061 542 2105; x_wconf 79' lang='lat' dir='ltr'>venarum</span> <span class='ocrx_word' id='word_1_166' title='bbox 556 2040 650 2126; x_wconf 74' lang='lat' dir='ltr'>vigor</span> <span class='ocrx_word' id='word_1_167' title='bbox 668 2039 837 2105; x_wconf 80' lang='lat' dir='ltr'>constitit?</span> <span class='ocrx_word' id='word_1_168' title='bbox 880 2042 1001 2124; x_wconf 85' lang='lat' dir='ltr'>quanto</span> <span class='ocrx_word' id='word_1_169' title='bbox 1021 2040 1125 2126; x_wconf 84' lang='lat' dir='ltr'>magis</span> <span class='ocrx_word' id='word_1_170' title='bbox 1146 2057 1178 2105; x_wconf 83' lang='lat'>13</span> 
     </span>
     <span class='ocr_line' id='line_1_22' title="bbox 100 2128 1126 2215; baseline -0.001 -21"><span class='ocrx_word' id='word_1_171' title='bbox 100 2129 178 2195; x_wconf 89' lang='lat' dir='ltr'>huic</span> <span class='ocrx_word' id='word_1_172' title='bbox 206 2129 416 2195; x_wconf 85' lang='lat' dir='ltr'>invidendum</span> <span class='ocrx_word' id='word_1_173' title='bbox 449 2133 498 2195; x_wconf 87' lang='lat' dir='ltr'>est</span> <span class='ocrx_word' id='word_1_174' title='bbox 526 2150 623 2213; x_wconf 88' lang='lat' dir='ltr'>quam</span> <span class='ocrx_word' id='word_1_175' title='bbox 650 2129 715 2195; x_wconf 87' lang='lat' dir='ltr'>illis</span> <span class='ocrx_word' id='word_1_176' title='bbox 740 2129 857 2214; x_wconf 90' lang='lat' dir='ltr'>quibus</span> <span class='ocrx_word' id='word_1_177' title='bbox 881 2150 1009 2215; x_wconf 83' lang='lat' dir='ltr'>gemma</span> <span class='ocrx_word' id='word_1_178' title='bbox 1033 2128 1126 2193; x_wconf 90' lang='lat' dir='ltr'>mini·</span> 
     </span>
     <span class='ocr_line' id='line_1_23' title="bbox 101 2218 1125 2305; baseline -0.001 -20"><span class='ocrx_word' id='word_1_179' title='bbox 101 2222 236 2304; x_wconf 84' lang='lat' dir='ltr'>stratur,</span> <span class='ocrx_word' id='word_1_180' title='bbox 266 2219 384 2305; x_wconf 89' lang='lat' dir='ltr'>quibus</span> <span class='ocrx_word' id='word_1_181' title='bbox 419 2220 564 2284; x_wconf 86' lang='lat' dir='ltr'>exoletus</span> <span class='ocrx_word' id='word_1_182' title='bbox 595 2218 704 2284; x_wconf 89' lang='lat' dir='ltr'>omnia</span> <span class='ocrx_word' id='word_1_183' title='bbox 735 2218 804 2303; x_wconf 90' lang='lat' dir='ltr'>pati</span> <span class='ocrx_word' id='word_1_184' title='bbox 834 2219 948 2284; x_wconf 89' lang='lat' dir='ltr'>doctus</span> <span class='ocrx_word' id='word_1_185' title='bbox 979 2222 1125 2285; x_wconf 86' lang='lat' dir='ltr'>exsectae</span> 
     </span>
     <span class='ocr_line' id='line_1_24' title="bbox 100 2307 1125 2394; baseline -0.005 -17"><span class='ocrx_word' id='word_1_186' title='bbox 100 2309 265 2378; x_wconf 71' lang='lat' dir='ltr'>militatis</span> <span class='ocrx_word' id='word_1_187' title='bbox 288 2312 344 2374; x_wconf 86' lang='lat' dir='ltr'>aut</span> <span class='ocrx_word' id='word_1_188' title='bbox 367 2308 484 2374; x_wconf 88' lang='lat' dir='ltr'>dubiae</span> <span class='ocrx_word' id='word_1_189' title='bbox 508 2330 697 2394; x_wconf 88' lang='lat' dir='ltr'>suspensam</span> <span class='ocrx_word' id='word_1_190' title='bbox 721 2330 799 2374; x_wconf 91' lang='lat' dir='ltr'>auro</span> <span class='ocrx_word' id='word_1_191' title='bbox 822 2309 930 2374; x_wconf 89' lang='lat' dir='ltr'>nivem</span> <span class='ocrx_word' id='word_1_192' title='bbox 949 2308 1057 2373; x_wconf 88' lang='lat' dir='ltr'>dilnitl</span> <span class='ocrx_word' id='word_1_193' title='bbox 1090 2307 1125 2372; x_wconf 92' lang='lat' dir='ltr'>hi</span> 
     </span>
     <span class='ocr_line' id='line_1_25' title="bbox 102 2397 1124 2485; baseline -0.002 -21"><span class='ocrx_word' id='word_1_194' title='bbox 102 2399 257 2485; x_wconf 88' lang='lat' dir='ltr'>quicquid</span> <span class='ocrx_word' id='word_1_195' title='bbox 280 2398 432 2464; x_wconf 90' lang='lat' dir='ltr'>biberunt</span> <span class='ocrx_word' id='word_1_196' title='bbox 454 2398 581 2464; x_wconf 81' lang='lat' dir='ltr'>vomitu</span> <span class='ocrx_word' id='word_1_197' title='bbox 603 2398 815 2463; x_wconf 87' lang='lat' dir='ltr'>remetientur</span> <span class='ocrx_word' id='word_1_198' title='bbox 837 2399 945 2464; x_wconf 83' lang='lat' dir='ltr'>tristes</span> <span class='ocrx_word' id='word_1_199' title='bbox 970 2401 1002 2463; x_wconf 88' lang='lat' dir='ltr'>et</span> <span class='ocrx_word' id='word_1_200' title='bbox 1025 2397 1124 2463; x_wconf 91' lang='lat' dir='ltr'>bilem</span> 
     </span>
    </p>

    <p class='ocr_par' dir='ltr' id='par_1_8' title="bbox 55 2487 1178 2842">
     <span class='ocr_line' id='line_1_26' title="bbox 55 2487 1178 2662; baseline -0.001 -21"><span class='ocrx_word' id='word_1_201' title='bbox 55 2509 83 2550; x_wconf 81' lang='lat'>’⁶</span> <span class='ocrx_word' id='word_1_202' title='bbox 100 2490 444 2662; x_wconf 44' lang='lat' dir='ltr'>iteritatis</span> <span class='ocrx_word' id='word_1_203' title='bbox 460 2487 615 2642; x_wconf 64' lang='lat' dir='ltr'>delli</span> <span class='ocrx_word' id='word_1_204' title='bbox 629 2508 797 2661; x_wconf 49' lang='lat' dir='ltr'>tillet,</span> <span class='ocrx_word' id='word_1_205' title='bbox 821 2488 1125 2642; x_wconf 51' lang='lat' dir='ltr'>bistili}</span> <span class='ocrx_word' id='word_1_206' title='bbox 1145 2593 1178 2640; x_wconf 65' lang='lat' dir='ltr'>a</span> 
     </span>
     <span class='ocr_line' id='line_1_27' title="bbox 96 2665 1124 2750; baseline 0.001 -20"><span class='ocrx_word' id='word_1_207' title='bbox 96 2684 326 2750; x_wconf 64' lang='lat' dir='ltr'>‘summamque</span> <span class='ocrx_word' id='word_1_208' title='bbox 356 2665 405 2730; x_wconf 91' lang='lat' dir='ltr'>illi</span> <span class='ocrx_word' id='word_1_209' title='bbox 425 2665 623 2731; x_wconf 64' lang='lat' dir='ltr'>felicitatem</span> <span class='ocrx_word' id='word_1_210' title='bbox 653 2665 828 2750; x_wconf 86' lang='lat' dir='ltr'>contigisse</span> <span class='ocrx_word' id='word_1_211' title='bbox 861 2686 1036 2731; x_wconf 89' lang='lat' dir='ltr'>consensus</span> <span class='ocrx_word' id='word_1_212' title='bbox 1066 2665 1124 2731; x_wconf 92' lang='lat' dir='ltr'>ho·</span> 
     </span>
     <span class='ocr_line' id='line_1_28' title="bbox 101 2751 1124 2842; baseline 0 -23"><span class='ocrx_word' id='word_1_213' title='bbox 101 2755 226 2840; x_wconf 89' lang='lat' dir='ltr'>minum</span> <span class='ocrx_word' id='word_1_214' title='bbox 249 2754 418 2838; x_wconf 87' lang='lat' dir='ltr'>fatebitur,</span> <span class='ocrx_word' id='word_1_215' title='bbox 440 2777 537 2840; x_wconf 88' lang='lat' dir='ltr'>quem</span> <span class='ocrx_word' id='word_1_216' title='bbox 561 2751 625 2819; x_wconf 88' lang='lat' dir='ltr'>sibi</span> <span class='ocrx_word' id='word_1_217' title='bbox 645 2776 753 2819; x_wconf 89' lang='lat' dir='ltr'>rerum</span> <span class='ocrx_word' id='word_1_218' title='bbox 776 2754 1031 2842; x_wconf 80' lang='lat' dir='ltr'>netumdelegit</span> <span class='ocrx_word' id='word_1_219' title='bbox 1050 2776 1124 2821; x_wconf 90' lang='lat' dir='ltr'>oum</span> 
     </span>
    </p>

    <p class='ocr_par' dir='ltr' id='par_1_9' title="bbox 59 2842 1123 2930">
     <span class='ocr_line' id='line_1_29' title="bbox 59 2842 1123 2930; baseline 0 -21"><span class='ocrx_word' id='word_1_220' title='bbox 59 2860 62 2864; x_wconf 84' lang='grc'><strong>’</strong></span> <span class='ocrx_word' id='word_1_221' title='bbox 102 2865 167 2928; x_wconf 91' lang='lat' dir='ltr'>quo</span> <span class='ocrx_word' id='word_1_222' title='bbox 186 2844 359 2910; x_wconf 85' lang='lat' dir='ltr'>metuenda</span> <span class='ocrx_word' id='word_1_223' title='bbox 372 2843 556 2909; x_wconf 86' lang='lat' dir='ltr'>conlideret.</span> <span class='ocrx_word' id='word_1_224' title='bbox 590 2842 790 2908; x_wconf 75' lang='lat' dir='ltr'>‘inimicitiae</span> <span class='ocrx_word' id='word_1_225' title='bbox 807 2844 990 2928; x_wconf 85' lang='lat' dir='ltr'>potentium</span> <span class='ocrx_word' id='word_1_226' title='bbox 1010 2865 1123 2930; x_wconf 71' lang='lat' dir='ltr'>graves</span> 
     </span>
    </p>
   </div>
   <div class='ocr_carea' id='block_1_3' title="bbox 99 3071 1128 3626">
    <p class='ocr_par' dir='ltr' id='par_1_10' title="bbox 99 3071 1128 3626">
     <span class='ocr_line' id='line_1_30' title="bbox 190 3071 1124 3144; baseline 0.001 -17"><span class='ocrx_word' id='word_1_227' title='bbox 190 3072 207 3127; x_wconf 94' lang='lat'>1</span> <span class='ocrx_word' id='word_1_228' title='bbox 227 3071 328 3127; x_wconf 85' lang='lat' dir='ltr'>ancxio</span> <span class='ocrx_word' id='word_1_229' title='bbox 341 3073 370 3127; x_wconf 98' lang='lat' dir='ltr'><strong><em>A</em></strong></span> <span class='ocrx_word' id='word_1_230' title='bbox 387 3072 398 3144; x_wconf 78' lang='lat' dir='ltr'>ll</span> <span class='ocrx_word' id='word_1_231' title='bbox 414 3071 433 3124; x_wconf 77' lang='lat' dir='ltr'>s</span> <span class='ocrx_word' id='word_1_232' title='bbox 449 3071 585 3142; x_wconf 77' lang='lat' dir='ltr'>uigilauit</span> <span class='ocrx_word' id='word_1_233' title='bbox 598 3073 626 3126; x_wconf 90' lang='lat' dir='ltr'><strong><em>A</em></strong></span> <span class='ocrx_word' id='word_1_234' title='bbox 645 3088 714 3126; x_wconf 81' lang='lat' dir='ltr'>corr.</span> <span class='ocrx_word' id='word_1_235' title='bbox 729 3073 798 3142; x_wconf 73' lang='lat' dir='ltr'>colp.</span> <span class='ocrx_word' id='word_1_236' title='bbox 825 3078 828 3143; x_wconf 74' lang='lat' dir='ltr'>l</span> <span class='ocrx_word' id='word_1_237' title='bbox 847 3072 862 3126; x_wconf 84' lang='grc'><strong>7</strong></span> <span class='ocrx_word' id='word_1_238' title='bbox 882 3072 1018 3126; x_wconf 88' lang='lat' dir='ltr'>solacium</span> <span class='ocrx_word' id='word_1_239' title='bbox 1039 3073 1075 3142; x_wconf 91' lang='lat' dir='ltr'>(ci</span> <span class='ocrx_word' id='word_1_240' title='bbox 1090 3090 1124 3128; x_wconf 78' lang='lat' dir='ltr'>ex</span> 
     </span>
     <span class='ocr_line' id='line_1_31' title="bbox 100 3139 1122 3227; baseline 0.002 -30"><span class='ocrx_word' id='word_1_241' title='bbox 100 3160 120 3197; x_wconf 93' lang='lat' dir='ltr'>u</span> <span class='ocrx_word' id='word_1_242' title='bbox 134 3145 214 3210; x_wconf 75' lang='lat' dir='ltr'>corr.)</span> <span class='ocrx_word' id='word_1_243' title='bbox 228 3143 271 3200; x_wconf 91' lang='lat' dir='ltr'>A¹</span> <span class='ocrx_word' id='word_1_244' title='bbox 288 3139 299 3216; x_wconf 76' lang='lat' dir='ltr'>ll</span> <span class='ocrx_word' id='word_1_245' title='bbox 320 3141 338 3197; x_wconf 79' lang='grc'>9</span> <span class='ocrx_word' id='word_1_246' title='bbox 356 3143 381 3196; x_wconf 91' lang='lat' dir='ltr'>is</span> <span class='ocrx_word' id='word_1_247' title='bbox 395 3144 536 3199; x_wconf 73' lang='lat' dir='ltr'>Rossbach</span> <span class='ocrx_word' id='word_1_248' title='bbox 553 3143 598 3197; x_wconf 86' lang='lat' dir='ltr'>his</span> <span class='ocrx_word' id='word_1_249' title='bbox 612 3143 640 3198; x_wconf 90' lang='lat' dir='ltr'><strong><em>A</em></strong></span> <span class='ocrx_word' id='word_1_250' title='bbox 658 3143 694 3197; x_wconf 89' lang='lat' dir='ltr'>iis</span> <span class='ocrx_word' id='word_1_251' title='bbox 719 3144 781 3198; x_wconf 84' lang='lat' dir='ltr'>Wcs</span> <span class='ocrx_word' id='word_1_252' title='bbox 833 3160 880 3227; x_wconf 69' lang='lat' dir='ltr'>erp</span> <span class='ocrx_word' id='word_1_253' title='bbox 901 3144 911 3226; x_wconf 69' lang='lat' dir='ltr'>ll</span> <span class='ocrx_word' id='word_1_254' title='bbox 936 3143 971 3197; x_wconf 82' lang='lat'>14</span> <span class='ocrx_word' id='word_1_255' title='bbox 989 3143 1043 3198; x_wconf 85' lang='lat' dir='ltr'>iste</span> <span class='ocrx_word' id='word_1_256' title='bbox 1062 3161 1082 3199; x_wconf 83' lang='lat' dir='ltr'>a.</span> <span class='ocrx_word' id='word_1_257' title='bbox 1098 3163 1122 3199; x_wconf 86' lang='lat' dir='ltr'>o.</span> 
     </span>
     <span class='ocr_line' id='line_1_32' title="bbox 100 3213 1123 3287; baseline 0.001 -18"><span class='ocrx_word' id='word_1_258' title='bbox 100 3214 166 3270; x_wconf 80' lang='lat' dir='ltr'>add.</span> <span class='ocrx_word' id='word_1_259' title='bbox 182 3214 229 3269; x_wconf 79' lang='lat' dir='ltr'>A&#39;</span> <span class='ocrx_word' id='word_1_260' title='bbox 256 3215 267 3287; x_wconf 74' lang='lat' dir='ltr'>ll</span> <span class='ocrx_word' id='word_1_261' title='bbox 298 3213 335 3274; x_wconf 79' lang='lat' dir='ltr'>lo</span> <span class='ocrx_word' id='word_1_262' title='bbox 359 3217 496 3269; x_wconf 84' lang='lat' dir='ltr'>socratem</span> <span class='ocrx_word' id='word_1_263' title='bbox 518 3215 546 3269; x_wconf 90' lang='lat' dir='ltr'><strong><em>A</em></strong></span> <span class='ocrx_word' id='word_1_264' title='bbox 571 3217 633 3269; x_wconf 77' lang='lat' dir='ltr'>-cen</span> <span class='ocrx_word' id='word_1_265' title='bbox 658 3214 788 3270; x_wconf 76' lang='lat' dir='ltr'>Senecam</span> <span class='ocrx_word' id='word_1_266' title='bbox 812 3231 952 3283; x_wconf 76' lang='lat' dir='ltr'>compassae</span> <span class='ocrx_word' id='word_1_267' title='bbox 972 3231 1027 3283; x_wconf 80' lang='lat' dir='ltr'>pro</span> <span class='ocrx_word' id='word_1_268' title='bbox 1052 3223 1123 3270; x_wconf 82' lang='lat' dir='ltr'>certo</span> 
     </span>
     <span class='ocr_line' id='line_1_33' title="bbox 100 3285 1124 3356; baseline 0.002 -16"><span class='ocrx_word' id='word_1_269' title='bbox 100 3287 312 3356; x_wconf 57' lang='lat' dir='ltr'>affirmaverim,</span> <span class='ocrx_word' id='word_1_270' title='bbox 335 3287 436 3355; x_wconf 73' lang='lat' dir='ltr'>quippe</span> <span class='ocrx_word' id='word_1_271' title='bbox 458 3287 507 3356; x_wconf 77' lang='lat' dir='ltr'>qui</span> <span class='ocrx_word' id='word_1_272' title='bbox 530 3302 635 3355; x_wconf 80' lang='lat' dir='ltr'>semper</span> <span class='ocrx_word' id='word_1_273' title='bbox 659 3287 692 3340; x_wconf 78' lang='lat' dir='ltr'>ic</span> <span class='ocrx_word' id='word_1_274' title='bbox 713 3285 817 3341; x_wconf 70' lang='lat' dir='ltr'>talibas</span> <span class='ocrx_word' id='word_1_275' title='bbox 838 3286 995 3340; x_wconf 77' lang='lat' dir='ltr'>nominibus</span> <span class='ocrx_word' id='word_1_276' title='bbox 1017 3288 1124 3356; x_wconf 78' lang='lat' dir='ltr'>praecis</span> 
     </span>
     <span class='ocr_line' id='line_1_34' title="bbox 99 3356 1124 3430; baseline -0.003 -15"><span class='ocrx_word' id='word_1_277' title='bbox 99 3373 214 3426; x_wconf 65' lang='lat' dir='ltr'>maccus</span> <span class='ocrx_word' id='word_1_278' title='bbox 240 3358 447 3421; x_wconf 67' lang='lat' dir='ltr'>terminatione</span> <span class='ocrx_word' id='word_1_279' title='bbox 473 3358 602 3413; x_wconf 69' lang='lat' dir='ltr'>adlectant</span> <span class='ocrx_word' id='word_1_280' title='bbox 628 3357 638 3430; x_wconf 78' lang='lat' dir='ltr'>ll</span> <span class='ocrx_word' id='word_1_281' title='bbox 664 3356 701 3411; x_wconf 72' lang='lat'>28</span> <span class='ocrx_word' id='word_1_282' title='bbox 723 3356 743 3410; x_wconf 92' lang='lat' dir='ltr'>h</span> <span class='ocrx_word' id='word_1_283' title='bbox 763 3362 828 3412; x_wconf 75' lang='lat' dir='ltr'>autc</span> <span class='ocrx_word' id='word_1_284' title='bbox 851 3357 900 3410; x_wconf 83' lang='lat' dir='ltr'>aut</span> <span class='ocrx_word' id='word_1_285' title='bbox 923 3357 988 3412; x_wconf 80' lang='lat' dir='ltr'>add.</span> <span class='ocrx_word' id='word_1_286' title='bbox 1010 3357 1095 3428; x_wconf 78' lang='lat' dir='ltr'><strong><em>A⁸(?)</em></strong></span> <span class='ocrx_word' id='word_1_287' title='bbox 1112 3359 1124 3429; x_wconf 77' lang='lat' dir='ltr'>ll</span> 
     </span>
     <span class='ocr_line' id='line_1_35' title="bbox 100 3426 1128 3500; baseline -0.001 -18"><span class='ocrx_word' id='word_1_288' title='bbox 100 3426 137 3482; x_wconf 71' lang='lat'>24</span> <span class='ocrx_word' id='word_1_289' title='bbox 154 3428 339 3484; x_wconf 87' lang='lat' dir='ltr'>remetierunt</span> <span class='ocrx_word' id='word_1_290' title='bbox 359 3428 401 3484; x_wconf 87' lang='lat' dir='ltr'>A¹</span> <span class='ocrx_word' id='word_1_291' title='bbox 415 3443 508 3499; x_wconf 71' lang='lat' dir='ltr'>aspra</span> <span class='ocrx_word' id='word_1_292' title='bbox 530 3431 597 3483; x_wconf 86' lang='lat' dir='ltr'>runt</span> <span class='ocrx_word' id='word_1_293' title='bbox 616 3427 659 3485; x_wconf 77' lang='lat' dir='ltr'>A·</span> <span class='ocrx_word' id='word_1_294' title='bbox 683 3429 831 3498; x_wconf 68' lang='lat' dir='ltr'>adempsit</span> <span class='ocrx_word' id='word_1_295' title='bbox 854 3430 921 3482; x_wconf 89' lang='lat' dir='ltr'>ntur</span> <span class='ocrx_word' id='word_1_296' title='bbox 945 3428 956 3500; x_wconf 76' lang='grc'>11</span> <span class='ocrx_word' id='word_1_297' title='bbox 979 3427 1016 3483; x_wconf 78' lang='grc'>28</span> <span class='ocrx_word' id='word_1_298' title='bbox 1039 3445 1128 3494; x_wconf 72' lang='lat' dir='ltr'>quem</span> 
     </span>
     <span class='ocr_line' id='line_1_36' title="bbox 100 3498 1122 3626; baseline -0.009 -72"><span class='ocrx_word' id='word_1_299' title='bbox 100 3500 244 3626; x_wconf 39' lang='lat' dir='ltr'>&amp;w</span> <span class='ocrx_word' id='word_1_300' title='bbox 265 3502 296 3571; x_wconf 76' lang='grc' dir='ltr'>(ι’.</span> <span class='ocrx_word' id='word_1_301' title='bbox 313 3517 334 3555; x_wconf 84' lang='lat' dir='ltr'>c.</span> <span class='ocrx_word' id='word_1_302' title='bbox 357 3500 501 3572; x_wconf 86' lang='lat' dir='ltr'>quoniam)</span> <span class='ocrx_word' id='word_1_303' title='bbox 521 3501 550 3557; x_wconf 92' lang='lat' dir='ltr'><strong><em>A</em></strong></span> <span class='ocrx_word' id='word_1_304' title='bbox 575 3499 713 3571; x_wconf 84' lang='lat' dir='ltr'>quoniam</span> <span class='ocrx_word' id='word_1_305' title='bbox 732 3518 762 3556; x_wconf 81' lang='grc'>,’,</span> <span class='ocrx_word' id='word_1_306' title='bbox 778 3542 787 3557; x_wconf 87' lang='grc'><strong>.</strong></span> <span class='ocrx_word' id='word_1_307' title='bbox 804 3499 919 3569; x_wconf 50' lang='lat' dir='ltr'>deludit</span> <span class='ocrx_word' id='word_1_308' title='bbox 939 3514 1014 3551; x_wconf 75' lang='lat' dir='ltr'>eum</span> <span class='ocrx_word' id='word_1_309' title='bbox 1026 3498 1072 3547; x_wconf 61' lang='lat' dir='ltr'>&#39;au</span> <span class='ocrx_word' id='word_1_310' title='bbox 1085 3508 1122 3555; x_wconf 45' lang='lat' dir='ltr'>na</span> 
     </span>
    </p>
   </div>
   <div class='ocr_carea' id='block_1_4' title="bbox 0 0 1224 3846">
    <p class='ocr_par' dir='ltr' id='par_1_11' title="bbox 0 0 1224 3846">
     <span class='ocr_line' id='line_1_37' title="bbox 0 0 1224 3846; baseline 0 0"><span class='ocrx_word' id='word_1_311' title='bbox 0 0 1224 3846; x_wconf 95' lang='lat' dir='ltr'> </span> 
     </span>
    </p>
   </div>
  </div>
 </body>
</html>
