2438 3846
199 179 249 233 AD
268 178 464 234 PAVLINVM
482 178 531 232 DE
550 175 761 233 BREVITATE
776 177 888 232 VITAE
908 176 1016 232 offla
1058 179 1122 244 281

27 336 30 340 ’
101 326 157 391 sed
183 329 312 411 tempus
341 329 397 391 est.
442 328 562 411 urgent
589 329 622 390 et
649 324 859 390 circumstant
881 323 962 388 vitia
984 322 1160 406 undiquee

100 436 160 481 nec
189 437 355 501 resurgere
385 417 443 479 ant
471 414 506 479 in
537 414 717 499 dispectum
747 413 816 479 veri
843 413 990 478 attollere
1014 413 1125 478 oculos

100 505 225 588 sinunt,
248 508 297 570 set
319 504 476 569 inmersos
496 504 582 569 etin
600 503 810 588 cupiditatem
828 503 946 567 infixos
965 505 1124 586 premunt.

99 615 278 678 numquam
300 593 365 659 illis
388 615 551 662 recurrere
574 592 615 657 ad
638 614 672 658 se
694 594 785 676 licet3
813 593 841 657 si
865 592 994 676 quando
1018 592 1127 675 aliqua

69 703 81 744 s
99 683 235 748 fortuito
260 682 351 767 quies
375 682 526 768 contigit,
549 683 640 748 velut
662 682 861 768 profundum
884 704 984 765 mare,
1007 682 1042 745 in
1061 703 1125 764 quo

99 777 176 857 post
198 777 331 838 ventum
353 792 482 857 quoque
501 772 659 837 volutatio
679 775 741 856 est,
764 771 963 837 fluctuantur
980 793 1040 836 neo
1058 793 1126 834 um·

101 884 198 947 quam
227 861 293 927 illis
325 885 345 926 a
376 861 609 946 cupiditatibus
640 861 706 926 suis
740 861 843 926 otium
874 864 945 925 stat.
992 860 1032 925 de
1054 860 1161 924 istis4

101 973 151 1017 me
170 954 265 1034 putas
285 951 404 1034 dicere,
424 973 562 1034 quorum
582 952 616 1014 in
635 949 783 1016 confesso
799 951 884 1014 mala
898 949 995 1015 sunt?
1019 950 1126 1033 aspice

99 1040 188 1124 illos,
221 1040 261 1105 ad
295 1062 433 1124 quorum
464 1041 653 1106 felicitatem
686 1040 902 1105 concurritur:
935 1039 1028 1104 bonis
1060 1039 1125 1104 suis

56 1149 81 1190 ro
101 1129 289 1194 offocentur.
337 1151 434 1213 quam
464 1130 577 1194 multis
601 1129 732 1194 divitiae
756 1150 869 1214 graves
893 1130 981 1193 suntl
1029 1150 1126 1212 quam

101 1219 278 1284 multorum
307 1219 492 1301 eloquentia
510 1218 534 1303 †
552 1223 585 1284 et
612 1217 775 1285 cotidiana
798 1217 982 1283 ostentandi
1004 1216 1127 1302 ingenii

101 1308 206 1392 spatio
230 1307 420 1393 sanguinem
443 1308 564 1374 educitl
601 1328 699 1390 quam
720 1307 816 1372 multi
833 1306 995 1372 continuis
1014 1308 1128 1390 volup·

101 1397 221 1464 tatibus
258 1397 395 1481 pallenti
450 1418 547 1481 quam
585 1396 696 1461 multis
732 1395 816 1461 nihil
846 1397 942 1462 liberi
974 1395 1128 1479 relinquit

101 1485 315 1553 circumfusus
346 1486 514 1551 clientium
544 1486 699 1571 populus!
746 1485 850 1551 omnis
880 1485 1018 1568 denique
1046 1485 1125 1549 istos

56 1595 81 1635 rs
102 1576 142 1640 ab
166 1576 286 1641 infimis
309 1596 412 1659 usque
435 1574 476 1639 ad
500 1597 644 1642 summos
664 1598 806 1660 pererra:
828 1575 883 1640 hic
901 1575 1049 1657 advocat,
1072 1573 1126 1638 hic

102 1665 205 1748 adest,
228 1664 284 1729 ille
304 1664 518 1749 periclitatur,
542 1665 598 1730 ille
622 1664 779 1747 defendit,
800 1664 855 1729 ille
873 1664 1008 1746 iudicat,
1030 1685 1126 1728 nemo

102 1775 135 1820 se
151 1754 213 1819 sibi
227 1753 384 1838 vindicat,
402 1754 484 1818 alius
499 1755 534 1818 in
548 1754 648 1819 alium
664 1753 872 1819 consumitur.
910 1754 1073 1838 interroga
1088 1753 1126 1817 de

100 1913 132 1966 ic
146 1912 174 1967 A
192 1913 233 1968 sie
250 1912 370 1967 tradito:
388 1912 492 1982 exigua
510 1927 578 1980 pars
597 1913 640 1966 est
657 1911 821 1984 uitaessqua
841 1913 919 1981 (corr.
934 1929 969 1966 m.
984 1914 1003 1965 2
1018 1927 1052 1965 ex
1064 1911 1126 1963 uita

100 1983 454 2110 imitabilisque
467 1984 834 2120 vtttdddtllt
851 1984 1127 2108 ttsbttltl

102 2141 188 2194 quam
212 2125 344 2192 vivimus,
371 2131 421 2180 cut
445 2095 576 2180 demeum
600 2127 666 2179 baec
691 2072 814 2180 derbagi
837 2071 989 2180 centiceps
1010 2126 1127 2195 rythmis

101 2198 269 2268 tragicorum
287 2197 478 2252 Romanorum
496 2198 588 2264 alieno
605 2203 717 2266 sumpta
732 2213 818 2266 prosc
836 2199 959 2252 oratione
977 2197 1128 2251 reddidisse

101 2269 315 2323 existimandum
341 2274 391 2334 est,
417 2276 449 2323 ot
469 2269 617 2337 proposcit
641 2269 676 2323 A.
699 2268 732 2322 de
754 2268 832 2323 Mess
857 2285 925 2322 mm.
949 2269 1022 2323 rbem.
1047 2268 1130 2322 LIII

102 2343 192 2409 (1898)
207 2357 237 2409 p.
252 2343 313 2394 484.
343 2338 416 2408 quod
433 2340 498 2394 iride
512 2358 531 2395 o
546 2341 664 2394 Curione
680 2340 818 2408 usquead
832 2341 971 2394 Kocbium
984 2340 1127 2394 edebatur:

103 2410 206 2480 exigua
231 2427 298 2480 pars
323 2412 366 2466 est
391 2411 466 2465 ritae
486 2426 572 2479 quarn
595 2413 663 2480 (qua
682 2411 789 2480 Haase)
808 2428 859 2465 nos
877 2411 996 2465 vivimus
1011 2411 1128 2478 probari

102 2484 204 2550 aequit.
240 2484 302 2554 Epo
323 2489 356 2536 m
378 2484 410 2536 ic
432 2499 462 2537 re
485 2483 634 2537 admodum
656 2484 762 2537 incerto
781 2483 918 2537 alitteris
940 2482 1052 2536 traditis
1070 2497 1128 2535 mom

101 2554 196 2608 recedo
220 2553 230 2625 11
254 2554 270 2607 1
294 2556 397 2624 urgent
420 2555 449 2606 et
469 2553 590 2625 Madvig
611 2555 744 2622 urgentes
764 2556 791 2608 A
814 2555 918 2623 urgent
941 2569 987 2608 eos
1010 2553 1127 2607 circurn-

103 2624 210 2678 stantia
223 2624 294 2678 vitia
308 2626 388 2680 molit
403 2625 484 2679 Gertz
502 2624 511 2696 11
529 2623 757 2692 2indespectum
771 2626 800 2681 A
816 2642 885 2680 corr.
900 2626 968 2696 sely.
987 2624 998 2697 11
1015 2624 1096 2680 ilsed
1111 2637 1128 2678 s

103 2695 127 2749 dc
140 2696 168 2750 A
185 2695 188 2766 1
201 2699 321 2749 imersos
336 2712 370 2749 ex
384 2709 401 2750 s
415 2697 498 2751 Gertz
517 2713 639 2750 emersos
653 2696 681 2750 A
696 2695 837 2751 demersos
849 2698 972 2768 -Modoiq
984 2695 994 2769 11
1008 2697 1025 2751 5
1039 2695 1124 2767 ueluti

102 2765 243 2836 profundo
262 2767 334 2819 mari
348 2767 376 2821 A
395 2783 464 2822 corr.
482 2766 563 2822 Gertz
581 2767 590 2839 11
608 2765 793 2821 diluetuatur
807 2769 835 2823 A
854 2785 922 2823 corr.
937 2768 1005 2838 colu.
1020 2768 1030 2839 11
1050 2768 1064 2822 7
1080 2783 1128 2820 ou-

103 2836 254 2906 piditatib;
272 2838 317 2891 nis
336 2840 363 2892 A
386 2854 455 2893 corr.
474 2838 543 2908 colu.
569 2839 573 2908 1
601 2840 661 2891 stat
679 2839 799 2907 Modoiq
817 2841 862 2893 sta
876 2839 918 2894 A¹
935 2840 982 2893 sed
1000 2845 1064 2892 acte
1082 2840 1127 2891 sta

99 2914 196 2978 posteo
214 2909 225 2962 i
248 2910 347 2963 addita
369 2915 420 2975 est,
447 2909 544 2963 deiude
569 2926 656 2979 supro
674 2925 692 2962 a
710 2909 753 2964 A⁶
771 2911 822 2964 litt.
842 2912 855 2964 t
877 2917 909 2965 m
928 2910 982 2965 oid.
1001 2911 1127 2978 serapnim

102 2979 190 3034 volmt
203 2987 338 3035 corrector
351 2981 410 3035 sine
423 2980 508 3035 dubio
522 2980 612 3033 instat
625 2982 689 3051 leqi,
702 2987 735 3034 m
748 2983 780 3034 im
794 2993 810 3034 ς
824 2987 864 3036 est
876 2980 886 3052 11
899 2980 1034 3049 Sdi'scere
1043 2979 1127 3047 A¹(?)

104 3050 243 3104 disserere
257 3051 300 3106 A*
317 3051 454 3106 disserere
472 3052 541 3122 oolq.
567 3053 569 3102 l
592 3051 610 3105 9
629 3051 805 3112 concurritur
822 3054 891 3123 volq.
911 3053 1023 3105 courn‘rt
1036 3050 1078 3105 A⁶
1095 3051 1128 3104 im

102 3139 162 3245 :qq
177 3123 281 3248 imp
294 3124 429 3247 paplipoel
440 3121 450 3193 11
473 3120 509 3176 10
522 3121 685 3248 pffopaqtm
704 3135 774 3246 0,de
794 3122 1127 3248 Gemiffffff‘iiaiimi

98 3222 198 3347 ¹spatio
223 3271 256 3318 ut
279 3193 335 3321 iii.
348 3197 627 3347 'Alesqquqqppndp
641 3195 918 3319 ivstitiaimiimistosimi1
933 3209 1129 3334 ilirtiuiiirlresilllll

105 3334 249 3389 cotidiano
273 3337 325 3390 ost.
346 3353 404 3405 mg.
426 3337 520 3403 spatio
542 3342 575 3390 ut
596 3336 673 3405 colpe
693 3336 791 3390 editur.
821 3353 877 3405 pro
900 3337 992 3404 spatio
1011 3337 1128 3404 Dlpsius

104 3405 198 3460 studio
215 3407 334 3478 Modum
352 3406 465 3467 servitio
484 3409 555 3462 comi.
588 3409 616 3460 et
637 3407 782 3460 cotidiana
801 3424 825 3461 o.
840 3408 859 3461 i.
877 3408 1024 3477 occupatio
1046 3407 1127 3462 Gertz
1175 3400 1198 3429 ⁸

104 3493 144 3532 an
161 3477 298 3533 iactatio?
317 3478 327 3550 11
349 3479 384 3532 15
402 3481 530 3547 pererrat
543 3481 571 3533 A
590 3495 658 3534 corr.
675 3477 744 3548 culp.
764 3479 774 3549 11
796 3479 830 3533 17
851 3478 906 3533 sibi
925 3478 953 3548 (b
972 3495 1042 3534 corr.
1056 3495 1092 3531 en
1107 3495 1132 3526 u

104 3566 139 3604 cr.
153 3551 182 3619 2)
196 3551 225 3605 A
245 3551 250 3621 1
271 3549 345 3604 alius
362 3550 431 3621 vulp.
451 3549 524 3606 aliut
539 3550 579 3606 A¹
598 3549 682 3605 aliud
697 3548 737 3605 A*
