2438 3846
139 183 203 248 190
334 179 364 234 L.
381 177 523 232 ANNAEI
541 176 706 232 SENECAE
724 175 820 231 DIAL.
835 175 903 230 LIB.
919 175 964 230 Vl.

137 331 205 392 tam
224 326 309 389 bono
329 325 398 389 filio
418 327 545 408 poteras
564 322 686 406 dolere,
709 322 855 387 doluisti:
878 327 996 406 celcra,
1014 327 1163 406 exempta

138 415 279 498 casibus,
308 416 405 499 plena
431 413 606 496 voluptatis
637 415 726 496 sunt,
756 412 784 475 si
807 410 903 476 modo
926 412 976 476 uti
998 411 1066 476 filio
1092 411 1164 494 scis,

138 506 166 569 si
196 504 294 569 modo
326 504 403 588 quid
430 503 465 566 in
492 502 549 567 illo
578 501 848 585 pretiosissimum
872 501 969 565 fuerit
991 501 1163 586 intellegis.

103 611 119 666 c
137 595 246 679 imago
270 593 438 657 dumtaxat
461 591 509 656 fili
531 590 581 655 tui
603 594 688 673 perit
710 596 743 655 et
762 590 886 676 efligies
904 612 971 653 non
989 590 1164 672 simillima,

138 683 207 768 ipse
235 681 365 764 quidem
388 686 535 745 aeternus
559 679 765 763 meliorisque
785 701 872 744 nunc
895 682 997 744 status
1021 684 1085 761 est,
1112 679 1164 744 de-
1194 699 1206 739 ⁵

139 771 296 855 spoliatus
327 770 478 834 oneribus
509 768 621 833 alienis
652 773 685 833 et
707 769 770 832 sibi
793 768 931 834 relictus.
978 767 1058 832 haec
1083 789 1165 852 quae

138 859 227 924 vides
247 859 446 925 circumdato
463 857 574 941 nobis,
592 879 666 922 ossa
683 878 799 922 nervos
818 861 851 921 et
869 857 1041 922 obductam
1056 861 1163 922 cutem

138 949 330 1031 uultumque
348 952 380 1014 et
399 947 561 1012 ministras
581 968 695 1012 munus
715 950 747 1010 et
766 950 871 1011 cetea
890 947 1006 1029 quibus
1024 946 1165 1011 involuti

139 1059 265 1121 sumus,
292 1038 422 1103 vincula
444 1036 626 1101 animorum
649 1036 863 1120 tenebraeque
886 1038 970 1099 sunt.
1016 1035 1165 1100 obruitur

139 1127 204 1210 his,
227 1128 399 1210 offocatur,
421 1126 577 1208 inficitur,
600 1128 726 1190 arcetur
749 1148 768 1189 a
790 1126 874 1190 veris
893 1129 925 1190 et
944 1123 1011 1189 suis
1030 1124 1166 1189 infulsa
1184 1147 1207 1186 ro

140 1217 290 1281 coiectus.
329 1235 423 1279 omne
446 1214 495 1279 illi
518 1236 592 1280 cum
615 1215 677 1280 hac
700 1215 791 1300 gravi
812 1235 907 1279 carne
925 1218 1089 1280 certamen
1107 1217 1166 1295 est,

139 1327 179 1369 ne
202 1304 407 1368 abstrahatur
430 1309 462 1368 et
480 1304 577 1386 sidat3
599 1304 715 1368 nititur
732 1304 803 1389 illc,
826 1304 911 1367 unde
930 1303 1088 1368 demissus
1108 1307 1165 1368 est.

140 1395 184 1458 ibi
208 1395 300 1458 illum
324 1399 452 1460 aeterna
474 1396 600 1479 requies
624 1401 733 1460 manet
756 1418 795 1460 ex
818 1393 961 1461 confusis
985 1393 1166 1480 crassisque

139 1508 221 1570 pura
244 1489 275 1547 et
298 1485 421 1567 liquida
443 1485 608 1549 visentem.

106 1592 119 1638 1
229 1573 330 1636 XXV,
368 1573 506 1638 Proinde
538 1596 605 1638 non
637 1579 685 1638 est
715 1572 802 1657 quod
832 1575 872 1637 ad
903 1575 1087 1658 sepulcrum
1117 1575 1166 1639 fili
1184 1596 1208 1638 rs

140 1663 187 1726 tui
207 1684 329 1727 curras:
348 1664 488 1746 pessima
506 1665 574 1728 eius
593 1667 626 1727 et
644 1665 707 1747 ipsi
721 1664 949 1727 molestissima
962 1664 1036 1728 istic
1050 1665 1167 1748 iacent,

141 1774 214 1818 ossa
241 1752 440 1836 cineresque,
468 1775 535 1817 non
563 1753 666 1838 magis
694 1753 781 1816 illius
807 1758 913 1836 partes
938 1776 1035 1836 quam
1060 1758 1166 1818 vestes

141 1842 266 1923 aliaque
295 1843 471 1930 tegimenta
500 1864 681 1926 corporum.
729 1842 852 1926 integer
879 1844 934 1907 ille
961 1843 1107 1926 nihilque
1130 1843 1167 1906 in

141 1932 233 1994 terris
258 1932 441 2014 relinquens
464 1917 513 1994 sui
533 1932 668 2016 fugitet
687 1935 775 1994 totus
795 1933 944 2014 excessit3
966 1932 1166 2015 paulumque

141 2042 238 2102 supra
266 2043 324 2083 nos
352 2024 585 2102 commoratus,
614 2020 689 2083 dum
719 2025 917 2105 expurgatur
945 2025 977 2084 et
999 2020 1167 2084 inhaereri·
1185 2043 1210 2082 so

140 2110 186 2171 tia
210 2109 288 2171 vitia
310 2109 472 2191 situmque
493 2131 618 2173 omnem
640 2110 785 2172 mortalis
804 2110 874 2173 aevi
893 2111 1028 2191 excutit,
1051 2109 1166 2175 deinde

79 2252 84 2263 ,
141 2197 181 2260 ad
205 2199 331 2261 excelsa
353 2198 498 2262 sublatus
522 2199 606 2262 inter
624 2198 732 2261 felices
752 2198 852 2263 currit
871 2200 1002 2263 animas.
1040 2200 1167 2282 excepit

143 2288 234 2350 illurn
254 2292 363 2351 coetus
383 2309 485 2370 sacer,
504 2285 671 2371 Scipiones
691 2287 905 2371 Catonesque,
925 2289 1071 2372 interque
1091 2309 1167 2352 con·

141 2380 316 2459 temptores
328 2377 410 2441 vitae
425 2381 457 2441 et
470 2376 626 2442 beneficio
638 2427 644 2439 .
656 2427 662 2439 .
672 2378 791 2442 liberos
805 2400 921 2460 parens
936 2381 1021 2460 tuus,
1034 2375 1166 2442 Marcia.

106 2480 121 2526 ι)
141 2465 196 2529 ille
222 2470 372 2547 nepotem
396 2487 490 2530 suum
514 2504 558 2511 ·-
582 2489 777 2550 quamquam
801 2468 869 2531 illic
892 2468 1041 2531 omnibus
1069 2489 1166 2532 omne
1185 2487 1211 2527 se

231 2692 247 2745 1
268 2696 399 2763 exempta
414 2694 482 2766 cuiq.
501 2694 630 2764 exempla
644 2695 708 2749 AF
723 2697 830 2756 netem,
845 2698 977 2764 exempta
990 2697 1167 2765 iaterpumit

143 2765 225 2820 Gertz
238 2764 248 2836 l!
266 2763 284 2817 2
297 2766 340 2819 uti
355 2779 371 2819 ς
390 2768 424 2819 ut
436 2768 464 2820 A
477 2766 488 2838 lt
503 2766 521 2820 4
533 2767 609 2836 perit
623 2769 652 2820 et
666 2766 770 2821 efficies
780 2768 808 2820 A
822 2768 832 2837 Η
845 2767 863 2820 t
877 2770 968 2821 status
983 2780 1000 2820 ς
1014 2767 1104 2820 setius
1113 2768 1141 2821 A
1156 2768 1167 2839 Η

144 2838 157 2889 7
182 2836 358 2891 circumdata
376 2836 457 2891 nobis
478 2839 557 2892 Koot
580 2839 685 2892 circum
704 2837 785 2892 uobis
800 2839 828 2892 A
847 2839 923 2893 eirca
941 2855 991 2892 nos
1005 2840 1036 2892 F
1052 2854 1166 2892 concre-

141 2909 213 2961 visse
228 2907 309 2961 nobis
324 2910 461 2964 Schultess·
477 2910 488 2980 il
506 2908 541 2963 1⁰
555 2909 693 2963 offocatur
709 2911 826 2980 Georpes
845 2909 988 2979 effugatur
1000 2910 1065 2965 AF
1079 2909 1166 2964 suffo-

142 2982 223 3032 catur
245 2981 363 3051 Madviq
386 2979 523 3035 effocetur
542 2982 638 3036 Haase
659 2988 662 3051 t
688 2998 706 3034 e
723 2982 796 3036 veris
811 2983 967 3036 Pincianus
988 2982 1095 3035 auersis
1109 2982 1136 3035 A
1160 2985 1164 3050 Ι

141 3049 215 3102 falsa
234 3054 298 3117 <et
317 3050 445 3119 aliena>
470 3054 503 3106 P.
522 3053 638 3107 litemus
661 3053 672 3123 lt
696 3053 731 3107 12
755 3051 923 3106 abtrahatur
943 3053 971 3107 A
997 3054 1001 3122 l
1026 3052 1166 3107 demissus

143 3123 262 3190 Madvig}
281 3121 428 3176 dimissum
442 3124 471 3177 A
488 3123 498 3192 Η
520 3122 556 3177 13
575 3124 597 3178 a
616 3122 739 3178 confusis
759 3124 897 3194 gressisq3
912 3125 939 3178 A
958 3141 1026 3179 corr.
1041 3125 1110 3194 vole.
1129 3141 1167 3179 ex

143 3194 220 3262 (culp.
237 3196 262 3261 e)
280 3207 331 3248 scr.
349 3195 431 3249 Gertz
444 3194 454 3266 [l
473 3194 507 3249 19
522 3196 566 3248 sui
581 3197 678 3250 llocse
695 3197 740 3249 uis
754 3197 782 3250 A
795 3195 805 3267 Η
823 3195 859 3249 20
873 3198 1068 3249 commoratur.
1096 3194 1165 3249 dum

142 3267 322 3334 expugnatur
335 3268 362 3320 A
376 3283 444 3322 cerr.
459 3268 529 3338 aolq.
544 3284 578 3321 cx
592 3280 609 3320 ς
625 3267 636 3338 Η
653 3266 687 3321 21
703 3279 846 3322 οιιιιιοως
864 3268 988 3321 omnium
1003 3267 1104 3339 A1122
1118 3283 1166 3320 ex-

143 3335 214 3405 cipit
232 3336 299 3460 culp.
325 3336 335 3408 ll
359 3337 395 3392 24
418 3337 595 3393 &beneficio
614 3338 718 3393 liberos
736 3340 764 3393 A
790 3341 819 3392 et
841 3339 940 3392 mortis
958 3338 1094 3393 beneficio
1113 3336 1165 3393 lib.

142 3409 209 3479 volo.
230 3410 259 3460 et
297 3409 412 3463 enefioio
432 3427 482 3464 suo
504 3410 553 3465 lib.
576 3411 657 3466 Gertz
680 3412 709 3465 et
728 3409 798 3465 bene
817 3410 899 3464 finita
917 3408 965 3464 lib.
981 3411 1117 3466 Schultess
1135 3413 1167 3464 et

140 3479 254 3532 nitetis
272 3495 342 3534 suae
365 3480 455 3537 benef.
475 3480 524 3536 lib.
547 3484 579 3536 P.
598 3483 722 3537 Thorace.
745 3482 854 3537 malim:
880 3483 909 3535 et
926 3480 1062 3536 beneficio
1081 3479 1166 3536 liberi

120 3547 220 3600 animi
234 3549 347 3607 liberos
360 3554 379 3626 (l
393 3552 431 3610 25
448 3553 501 3610 ille
516 3553 639 3627 Madcip
657 3552 718 3610 illic
733 3555 761 3611 A
778 3555 807 3625 (c
824 3570 846 3610 s.
859 3569 885 3608 e.
900 3553 963 3608 add.
979 3571 1013 3608 m.
1028 3556 1056 3622 2)
