2438 3846
111 161 176 227 226
300 156 331 212 L.
345 155 488 211 ANNAEI
507 153 671 211 SENECAE
689 154 785 210 DIAL.
799 153 866 209 LIB.
881 153 941 210 VII.

111 303 166 370 sed
202 303 287 369 malo
324 302 471 369 faciliora
507 324 544 368 ac
575 301 766 368 iucundiora
796 300 927 366 veniant
959 303 992 366 et
1022 301 1133 367 minus

110 396 265 459 vexatura
295 395 495 459 tractantem.
547 413 614 458 non
644 395 692 457 est
706 391 821 478 enim,
851 389 938 475 quod
968 389 1134 457 existimes

110 483 211 548 ullam
234 503 303 548 esse
325 482 394 548 sine
416 482 525 548 labore
548 481 714 566 virtutem,
737 480 793 546 sed
816 479 973 565 quaedam
995 480 1134 546 virtutes

75 589 92 639 o
111 571 264 656 stimulis,
288 571 444 656 quaedam
466 569 566 636 frenis
585 574 688 658 egent.
726 569 995 655 quemadmodum
1014 589 1134 655 corpus

110 661 145 726 in
172 660 309 746 proclivi
331 660 462 726 retineri
485 661 590 746 debet,
618 659 770 726 adversus
800 659 899 724 ardua
921 658 1061 744 impelli,
1087 659 1136 724 ita
1165 676 1177 719 a

111 750 267 836 quaedam
298 749 433 815 virtutes
466 749 500 815 in
531 748 668 835 proclivi
700 752 789 832 sunt,
824 748 980 833 quaedam
1013 748 1134 814 clivom

111 839 257 906 subeunt.
303 862 345 904 an
372 838 505 904 dubium
529 838 584 923 sit,
617 839 696 923 quin
718 838 882 922 escendat,
909 839 1047 922 nitatur,
1077 837 1134 902 ob

109 930 251 994 luctetur
273 929 441 1014 patientia,
465 928 636 1012 fortitudo,
658 928 894 1014 perseverantia
912 931 945 993 et
963 949 1134 1013 quaecum·

111 1039 174 1103 que
197 1017 260 1084 alia
283 1018 370 1084 duris
394 1019 546 1104 opposita
567 1019 670 1084 virtus
690 1020 739 1083 est
757 1021 790 1083 et
807 1017 970 1083 fortunam
989 1015 1135 1104 subigit?

76 1107 188 1193 rquid
218 1107 317 1195 ergo?
365 1129 432 1174 non
460 1130 560 1192 aeque
587 1107 793 1174 manifestum
817 1111 866 1172 est
892 1129 949 1192 per
976 1106 1135 1172 devexum
1153 1125 1178 1166 ro

109 1197 410 1282 ireliberalitatem,
420 1198 686 1283 temperantiam,
704 1195 1004 1262 mansuetudinem?
1034 1195 1135 1261 inhio

110 1287 312 1353 continemus
331 1287 489 1371 animum,
510 1310 551 1353 ne
570 1288 769 1373 prolabatur,
788 1287 823 1351 in
841 1286 906 1351 illis
925 1285 1136 1352 exhortamur

110 1377 345 1461 incitamusque
374 1376 534 1442 acerrime.
588 1398 664 1464 ergo
699 1377 883 1462 paupertati
910 1375 1135 1441 adhibebimus

110 1466 198 1550 illas,
222 1487 303 1550 quae
326 1464 470 1553 pugnare
493 1467 612 1551 sciunt,
635 1466 799 1550 fortiores,
823 1465 944 1532 divitiis
967 1466 1040 1530 illas
1064 1465 1136 1530 dili-

111 1555 286 1641 gentiores,
314 1576 396 1639 quae
424 1576 616 1640 suspensum
643 1555 779 1642 gradum
803 1559 929 1641 ponunt
952 1558 985 1620 et
1007 1554 1135 1639 pondus
1154 1570 1179 1612 ιε

75 1658 205 1711 usuum
233 1645 400 1710 sustinent.
447 1667 520 1711 cum
546 1647 610 1712 hoe
636 1645 684 1710 ita
710 1644 850 1711 divisum
878 1645 933 1729 sit,
961 1644 1048 1710 mulo
1075 1645 1135 1710 has

110 1733 145 1799 in
173 1755 236 1799 usu
265 1733 346 1799 mihi
375 1755 458 1818 esse,
488 1757 570 1820 quae
598 1734 791 1801 exercendae
819 1735 1025 1819 tranquillius
1049 1736 1136 1816 sunt,
1185 1731 1192 1744 '

111 1845 208 1908 quam
231 1844 297 1908 eas,
321 1845 458 1907 quarum
481 1824 735 1910 experimentum
759 1824 890 1910 sanguis
910 1827 942 1889 et
961 1823 1059 1889 sudor
1077 1826 1134 1888 est.

111 1933 365 2067 :tillut
385 1913 1137 2069 tttillllttltllltttulit
1154 2019 1181 2060 20

111 2112 204 2157 aures
224 2095 353 2177 ,vestras
381 2053 540 2177 pervenit:
568 2092 646 2177 quid
669 2093 851 2179 significent
872 2115 940 2158 non
963 2090 1137 2176 quaeritis?

77 2214 91 2262 1
200 2197 319 2264 XXVI.
356 2196 456 2276 ‘Quid
480 2213 556 2286 ergo
579 2199 663 2266 intm
685 2222 736 2265 me
755 2200 891 2265 stultum
911 2203 943 2264 et
960 2202 993 2264 te
1012 2197 1137 2283 sapien·

111 2291 177 2352 tom
203 2288 350 2370 intetest,
381 2289 409 2352 si
435 2291 572 2373 uterque
594 2289 712 2355 habere
735 2287 919 2355 volumus?'
946 2288 1137 2373 plurimum:

111 2377 241 2442 divitiae
271 2377 357 2442 enim
385 2381 464 2463 aput
487 2379 664 2462 sapientem
687 2379 792 2443 virum
816 2378 850 2442 in
874 2379 1028 2444 servitute
1052 2381 1137 2461 sunt,

111 2469 190 2550 aput
208 2468 344 2531 stultum
363 2466 398 2531 in
415 2467 566 2553 imperi03
584 2468 712 2553 sapiens
731 2466 853 2533 divitiis
870 2468 955 2532 nihil
969 2467 1137 2553 permittit,
1156 2482 1183 2525 2⁶

110 2555 203 2622 vobis
222 2555 353 2621 divitiae
372 2558 494 2642 omnia3
517 2577 588 2643 vos,
606 2560 772 2641 tamquam
790 2557 907 2642 aliquis
925 2557 1019 2623 vobis
1038 2559 1138 2623 aeter·

111 2668 186 2711 nam
216 2645 453 2731 possessionem
484 2669 594 2712 earum
622 2647 820 2732 promiserit,
854 2646 1043 2713 adsuescitis
1071 2646 1137 2712 illis

112 2738 145 2800 et
167 2733 357 2821 cohaeretis,
381 2737 508 2822 sapiens
530 2739 610 2802 tunc
632 2737 770 2802 maxime
793 2739 1016 2823 paupertatem
1039 2735 1139 2802 medi·

76 2841 92 2891 2
112 2827 213 2909 tatur,
240 2848 315 2893 cum
338 2827 373 2892 in
394 2826 507 2893 mediis
532 2826 653 2893 divitiis
677 2827 832 2893 constitit.
878 2848 1056 2911 numquam
1080 2827 1139 2891 im·

111 2918 241 3000 perator
272 2917 319 2981 ite
350 2916 424 3002 paci
456 2916 571 3000 credit,
607 2921 644 2982 ut
675 2938 742 2982 non
775 2939 808 2983 se
840 2920 1010 3002 praeparet
1041 2916 1139 3002 bello,
1158 2934 1185 2975 ³0

201 3107 220 3163 ὅ
243 3107 286 3164 ita
306 3109 334 3164 A
360 3109 395 3181 (it
416 3112 448 3165 ia
470 3126 526 3166 roa.
545 3128 580 3166 m.
601 3114 634 3178 5,·
656 3127 691 3166 ree
714 3126 732 3165 a
754 3110 864 3181 quidem
887 3127 922 3165 m.
944 3114 960 3164 1
985 3110 1107 3178 erripuit)
1130 3109 1141 3182 ll

114 3181 128 3234 l
148 3180 186 3234 sit
203 3179 232 3234 A
255 3182 299 3236 est
318 3181 479 3253 Wesenbcrp
505 3182 509 3254 l
535 3183 605 3252 quin
622 3183 691 3254 oelq.
715 3183 765 3252 qui
784 3183 812 3238 A
833 3182 836 3253 l
863 3181 998 3236 escendat
1016 3179 1059 3235 A¹
1078 3196 1140 3236 aso-

112 3251 155 3306 A⁶
172 3251 182 3325 Η
204 3251 241 3306 18
261 3252 397 3308 acerrime
416 3255 512 3309 Haase
535 3254 688 3310 acerrimus
702 3254 748 3310 A¹
766 3252 911 3309 acerrimis
928 3252 971 3307 A⁶
991 3251 995 3324 Ι
1016 3267 1140 3321 pauper-

111 3322 182 3378 tatis
202 3323 231 3378 A
255 3322 266 3397 ΙΙ
293 3323 328 3379 17
354 3325 527 3381 exercendae
547 3339 564 3380 ς
586 3326 630 3379 -di
651 3326 679 3381 A
703 3324 713 3397 ll
739 3324 775 3380 21
796 3323 866 3392 quid
888 3326 957 3395 oolq.
982 3322 1059 3392 quod
1081 3325 1110 3378 A
1134 3323 1138 3396 Ι

113 3392 254 3465 significet
273 3397 302 3450 A
325 3411 393 3451 corr.
417 3396 499 3452 Gertz
523 3396 533 3470 ll
557 3396 594 3452 22
616 3399 646 3451 et
667 3399 750 3451 tuum
770 3394 929 3464 sapientam
950 3399 1028 3465 optet
1048 3393 1140 3462 Gerre,

100 3472 230 3591 ἐῶσαι
252 3483 323 3536 quoe
343 3473 497 3538 aequum
513 3484 571 3524 oca
588 3469 722 3538 eaplmtia
739 3467 832 3535 illiue,
850 3466 898 3523 ced
915 3467 1005 3538 ipsios
1023 3464 1141 3522 Scaeae

197 3555 237 3593 ur
252 3553 312 3594 esee
1103 3569 1108 3577 ·
