2438 3846
112 149 164 206 Ao
178 128 355 206 SERENVM
371 150 420 205 nn
435 149 757 215 remoramina
771 149 882 204 Arum
896 148 1002 205 osea
1044 151 1108 217 247

87 297 205 363 alicubi
224 296 332 362 obstes
350 296 421 380 tibi,
439 295 558 362 alicubi
571 296 728 379 irascaris,
747 295 865 361 alicubi
880 295 1111 381 instes'gravis,

87 387 142 454 sed
168 387 241 470 illo,
273 386 359 470 quod
389 387 540 452 ultimum
572 387 676 469 venit,
707 388 744 450 ut
773 385 870 450 fidem
904 385 965 449 tibi
991 384 1109 449 habeas

86 480 119 542 et
145 480 233 541 recta
261 476 306 542 ire
333 480 365 540 te
389 475 442 540 vie
467 476 590 559 credas,
621 475 706 541 nihil
737 480 890 541 avocatus
919 474 1109 539 transversis

86 566 264 630 multorum
294 565 440 652 vestigiis
468 565 588 650 passim
616 564 879 648 discurrentium,
908 563 1110 648 quorundam

55 657 172 720 soirca
203 657 307 739 ipsam
340 654 515 719 errantium
547 655 642 719 viam.
693 655 781 738 quod
811 653 970 719 desideras
1001 655 1145 718 auteme

86 766 239 831 magnum
263 747 295 808 et
314 765 476 810 summum
498 748 546 810 est
565 745 689 828 deoque
707 742 863 827 vicinum,
885 764 953 807 non
971 742 1109 808 concuti

85 834 169 898 hano
199 833 348 898 stabilem
381 833 481 898 animi
504 834 611 899 sedem
635 831 748 898 Graeci
771 832 960 917 euthymian
982 835 1110 916 vocant,

85 924 125 989 de
156 944 220 1007 qua
251 922 429 988 Democriti
459 923 612 987 volumen
642 922 808 1010 egregium
837 926 900 1006 est3
930 941 991 1007 ego
1023 925 1109 986 trun-

85 1013 279 1097 quillitatem
303 1034 397 1078 voco:
424 1033 485 1077 nec
508 1012 593 1077 enim
617 1012 738 1077 imitari
761 1015 794 1077 et
815 1012 989 1077 transferre
1012 1011 1109 1076 verba

40 1128 66 1168 ιο
85 1102 125 1167 ad
144 1102 276 1166 illorum
294 1101 433 1166 formam
451 1121 580 1167 necesse
599 1107 661 1186 est,
680 1124 730 1167 res
749 1102 834 1185 ipsa,
852 1101 891 1165 de
911 1122 975 1184 qua
993 1100 1110 1186 egitur,

84 1191 194 1275 aliquo
214 1189 371 1276 signanda
388 1190 520 1255 nomine
538 1195 601 1274 est,
619 1191 707 1274 quod
725 1190 952 1276 appellationis
970 1187 1108 1256 Graecae

84 1281 151 1345 vim
175 1279 270 1346 debet
292 1280 424 1363 habere,
446 1301 514 1345 non
535 1280 661 1345 faciem.
708 1302 784 1366 ergo
809 1280 1008 1365 quaerimus,
1031 1300 1109 1363 quo-
1127 1297 1144 1344 4

84 1370 181 1435 modo
214 1371 341 1435 animus
374 1391 500 1454 semper
532 1370 659 1454 aequali
690 1369 896 1454 secundoque
928 1390 1025 1435 cursu
1056 1372 1109 1434 eat

83 1460 308 1544 propitiusque
333 1459 395 1523 sibi
418 1459 461 1524 sit
484 1462 516 1524 et
538 1482 597 1525 sua
619 1460 723 1525 laetus
747 1459 882 1544 aspiciat
901 1463 933 1524 et
950 1459 1014 1523 hoo
1031 1480 1108 1544 gau-

39 1574 65 1614 15
84 1549 173 1613 diurn
200 1570 269 1613 non
295 1547 524 1632 interrumpat,
555 1549 612 1614 sed
635 1549 763 1634 placido
787 1552 875 1614 statu
898 1551 1026 1613 maneat
1048 1569 1109 1614 nec

84 1638 243 1703 adtollens
276 1658 310 1703 se
342 1660 497 1723 umquem
524 1659 585 1702 neo
607 1637 803 1722 deprimens:
833 1639 867 1702 id
890 1637 1107 1721 tranquilhtas

84 1727 152 1793 erit.
190 1727 354 1811 quomodo
377 1728 418 1792 ad
440 1729 525 1793 hanc
546 1727 708 1813 perveniri
730 1727 848 1813 possit,
869 1727 905 1791 in
922 1727 1107 1792 universum

84 1838 288 1902 quaeramus:
325 1839 432 1882 sumes
467 1820 504 1883 tu
541 1839 580 1882 ex
613 1816 744 1902 publico
776 1817 917 1883 remedio
951 1819 1107 1902 quantum

82 1907 179 1972 voles.
217 1911 324 1971 totum
348 1906 477 1971 interim
501 1906 616 1972 vitium
640 1907 675 1971 in
693 1906 834 1972 medium
853 1906 1106 1991 protrahendum
1126 1924 1143 1973 o

37 2023 64 2062 so
83 1999 146 2079 est,
173 2018 212 2061 ex
240 2017 304 2079 quo
329 2000 483 2083 agnoscet
506 1997 643 2081 quisque
666 2000 792 2081 partem
816 2018 921 2080 suam3
951 1995 1049 2062 simul
1070 1999 1108 2060 tu

82 2085 265 2172 intelleges,
292 2089 414 2170 quanto
442 2085 548 2152 minus
577 2086 702 2172 negotii
728 2086 846 2151 habeas
875 2107 949 2151 oum
976 2084 1106 2150 fastidio

81 2175 132 2240 tui
155 2196 252 2259 quam
276 2175 312 2257 ii,
337 2196 418 2260 quos
442 2175 482 2240 ad
505 2175 740 2260 professionem
759 2175 938 2260 speciosam
957 2175 1107 2261 alligatos

82 2268 115 2329 et
151 2265 212 2329 sub
249 2265 374 2350 ingenti
405 2264 503 2330 titulo
533 2265 711 2331 laborantis
743 2265 779 2330 in
811 2287 869 2331 sua
902 2264 1106 2330 simulatione

81 2353 187 2438 pudor
210 2355 313 2440 magis
338 2374 435 2438 quam
458 2355 608 2419 voluntas
631 2358 729 2420 tenet.

36 2469 63 2510 ss
172 2441 290 2509 Omnes
320 2444 356 2508 in
387 2443 499 2509 eadem
527 2464 625 2510 causa
652 2448 742 2527 sunt,
772 2447 806 2508 et
832 2442 868 2507 hi
896 2442 953 2527 qui
973 2443 1141 2509 levitates

80 2536 239 2597 vexantur
275 2554 313 2598 ao
349 2533 456 2599 taedio
491 2533 688 2616 adsiduaque
721 2531 902 2597 mutatione
936 2533 1106 2618 propositi,

82 2622 198 2706 quibus
226 2643 354 2708 semper
380 2623 485 2708 magis
512 2624 619 2708 placet
642 2621 729 2704 quod
752 2621 966 2705 reliquerunt,
993 2625 1026 2687 et
1048 2621 1107 2706 illi,

81 2711 139 2795 qui
167 2715 311 2777 marcent
338 2714 370 2777 et
400 2712 586 2777 oscitanter.
632 2711 721 2777 adice
745 2732 815 2794 eos,
844 2709 901 2794 qui
923 2731 990 2775 non
1013 2711 1106 2776 aliter

82 2821 180 2884 quam
210 2801 326 2884 quibus
356 2799 499 2866 difficilis
532 2822 664 2867 somnus
692 2803 742 2866 est
769 2802 898 2864 versant
925 2820 959 2864 se
987 2804 1020 2865 ot
1040 2800 1106 2874 hoc

36 2914 63 2957 ro
81 2893 179 2974 atque
201 2889 260 2954 illo
283 2890 379 2956 modo
399 2893 613 2975 componunt,
635 2889 738 2956 donec
756 2889 897 2974 quietem
914 2888 1105 2955 lassitudine

81 2977 262 3044 inveniant:
292 2982 413 3044 statum
444 2979 530 3044 vitae
561 3001 636 3044 suae
666 2977 870 3045 reformando
901 2978 1038 3044 subinde
1069 2979 1105 3043 in

81 3089 119 3133 eo
142 3067 317 3133 novissime
340 3071 485 3153 manent,
508 3069 543 3133 in
565 3090 630 3154 quo
650 3069 724 3134 illos
742 3090 810 3133 non
828 3067 975 3133 mutandi
994 3067 1106 3135 odium
1200 3138 1207 3155 ‚

170 3242 187 3297 1
203 3241 315 3297 alicube
329 3244 390 3313 (ter)
404 3244 433 3299 A
446 3243 457 3316 ll
474 3242 555 3299 risso
570 3243 686 3312 Lipsius
704 3243 776 3298 illud
790 3245 819 3300 A
836 3244 847 3317 ll
863 3243 974 3299 btrans
988 3243 1064 3298 uersi
1075 3245 1103 3299 A

80 3331 150 3370 corr.
164 3316 234 3386 oolp.
257 3314 267 3388 ll
291 3315 309 3370 5
327 3316 406 3370 uiam
424 3332 493 3371 corr.
508 3332 541 3370 cs
559 3315 649 3370 uitem
664 3317 693 3371 A
714 3317 724 3390 ll
748 3317 762 3371 7
782 3316 948 3386 cythymian
962 3318 989 3371 A
1008 3317 1103 3372 malim
1167 3365 1168 3368 ,

80 3391 222 3463 εὐθυμίαν
239 3393 250 3467 ll
268 3393 303 3449 10
316 3393 408 3449 forma
421 3395 450 3450 A
468 3411 536 3450 corr.
551 3396 620 3465 ooly.
638 3395 648 3469 Η
671 3395 706 3450 13
724 3396 834 3467 equalis
848 3397 876 3451 A
893 3395 904 3468 ll
923 3394 959 3449 22
977 3395 999 3448 ii
1012 3395 1054 3450 A¹
1071 3394 1103 3448 hi

80 3483 115 3591 dl
134 3482 185 3591 rep.
205 3465 302 3591 copedll
326 3467 363 3593 {b
385 3466 559 3592 lpspitudinp1
571 3467 620 3594 A}
636 3468 683 3523 sed
700 3468 811 3538 oirpola
824 3473 922 3537 posteo
940 3482 1020 3522 oasa
1037 3472 1077 3522 est
1092 3465 1109 3534 ll

134 3553 314 3594 reormno
359 3555 391 3595 oc
439 3553 575 3593 ormano
