2438 3846
98 94 170 211 178¹
292 141 322 195 L.
336 140 479 196 ANNAEI
497 139 661 197 SENECAE
680 140 775 196 DIAL.
790 140 857 196 LIB.
872 140 919 195 Vh

94 288 204 374 fulgor
231 290 264 352 et
290 287 375 352 inter
400 285 587 371 rapidorum
616 286 810 351 torrentium
836 308 950 352 aurum
977 285 1114 353 harenas

94 375 282 443 intorflueus
312 376 406 442 etin
433 375 547 440 madiis
576 375 670 441 terris
696 374 868 460 medioque
893 395 1005 442 rursus
1032 376 1114 442 mari

95 466 198 532 adriae
233 465 359 551 ignium
392 464 478 530 faces
511 467 544 529 at
574 464 741 529 vinculum
771 469 930 530 terrarum
966 487 1115 550 oceanus,

95 555 370 622 continuationem
388 553 535 640 gentium
553 553 674 639 triplici
692 553 765 618 sinu
781 553 929 619 scindens
943 557 977 619 et
989 554 1115 640 ingenti

61 644 225 712 ulicentia
247 641 458 709 exaestuans?
494 641 618 707 videbis
640 641 693 708 hic
712 642 864 727 inquietis
879 646 911 708 et
929 643 998 709 sine
1015 648 1114 710 rento
1143 664 1155 705 r

94 733 326 799 fluctuantibus
333 731 426 815 aquis
433 732 544 802 innare
551 731 1114 818 excedentiteuestriamagnitudina

95 821 255 905 animalia,
264 821 422 907 quaedam
431 819 542 907 gravia
551 823 584 885 et
593 821 698 886 alieno
706 821 933 907 samagisteuo
941 821 1115 906 moventia,

95 910 252 996 quaedam
260 909 385 976 velocia
394 913 427 975 et
436 908 604 975 concitatis
613 909 794 994 perniciora
800 910 943 997 remigis,
956 910 1114 994 quaedam

93 999 275 1065 haurientia
303 999 406 1064 undas
436 1003 469 1065 et
497 1018 616 1084 magno
643 997 943 1084 praenavigantium
969 999 1113 1085 periculo

94 1089 252 1173 efflantia;
278 1087 402 1154 ridebis
429 1088 483 1154 hic
509 1087 640 1175 navigia
667 1109 747 1171 quas
773 1109 841 1154 non
866 1110 985 1154 novera
1012 1092 1114 1154 terras
1133 1110 1157 1150 ro

95 1178 288 1262 quaerentia.
317 1176 441 1243 videbis
455 1176 538 1242 nihil
550 1177 710 1242 humanae
724 1176 875 1243 andaciae
884 1178 1114 1264 intemptatum

94 1267 220 1352 erisque
253 1270 286 1332 et
314 1269 477 1351 spectator
506 1266 636 1352 etipse
664 1287 739 1351 pars
766 1287 886 1353 magna
914 1267 1114 1332 conantium:

93 1356 196 1422 disces
215 1355 409 1439 docebisque
423 1359 522 1440 artes,
539 1356 618 1420 alias
633 1376 715 1439 quae
728 1354 828 1420 vitam
842 1356 1018 1439 instruant,
1035 1356 1115 1422 alias

59 1463 75 1511 a
94 1467 176 1530 quae
190 1448 315 1528 ornent,
328 1445 406 1510 alias
421 1466 502 1530 quae
520 1447 642 1532 regant.
676 1444 732 1510 sed
746 1444 820 1510 istic
833 1448 928 1510 erunt
943 1445 1033 1511 misse
1047 1466 1116 1511 cor·

93 1557 223 1620 porum,
241 1534 422 1599 animorum
436 1537 558 1619 pestes,
572 1537 605 1599 et
617 1534 704 1600 bella
717 1537 751 1600 et
762 1534 932 1600 latrocinia
946 1538 979 1599 et
991 1556 1115 1600 venena
1134 1554 1158 1596 u

93 1628 127 1688 et
144 1623 312 1710 naufragia
331 1627 364 1689 et
381 1623 587 1707 intemperies
610 1624 691 1688 caeh'
714 1624 921 1708 corporisque
940 1626 973 1688 et
991 1623 1116 1689 carissi·

92 1735 220 1778 morum
239 1712 354 1777 acerba
372 1711 528 1777 desideria
541 1715 574 1776 et
587 1732 689 1796 mors,
706 1712 866 1777 incertum
879 1712 983 1778 facilis
1002 1734 1116 1797 anper

92 1823 231 1887 poenam
245 1801 496 1884 cruciatumque.
528 1800 670 1866 delibera
682 1806 790 1867 tecum
806 1805 838 1867 et
850 1802 1023 1887 perpende,
1036 1801 1115 1886 quid

93 1892 186 1956 velia:
204 1894 242 1956 ut
260 1890 301 1955 ad
318 1891 375 1955 illa
393 1891 513 1975 venias,
531 1912 589 1975 per
606 1891 663 1956 illa
676 1891 858 1957 exeundum
873 1890 943 1956 est’
983 1912 1115 1977 respon-

93 1979 182 2046 debis
196 1981 280 2045 relle
294 1983 326 2044 te
340 1979 470 2046 vivere?
484 2018 527 2028 —-
543 1980 676 2064 quidni?
708 1981 818 2063 immo,
835 1985 925 2064 puto,
944 1979 985 2045 ad
1000 1980 1034 2044 id
1047 2001 1116 2045 non
1134 2001 1160 2042 ao

93 2068 238 2152 accedas,
256 2091 296 2134 ex
315 2089 379 2153 quo
397 2069 459 2134 tibi
477 2069 600 2153 aliquid
619 2069 727 2134 decuti
745 2069 834 2133 doles
857 2091 915 2132 -z
943 2070 1016 2134 vive
1036 2089 1114 2154 ergo

93 2161 130 2222 ut
153 2157 311 2223 convenit.
358 2156 486 2222 ‘nemo’
509 2157 618 2242 inquis
642 2157 715 2222 ‘nos
740 2156 924 2223 consuluit?
975 2158 1116 2223 consulti

182 2296 199 2351 1
219 2311 319 2350 aurum
332 2296 454 2351 harenas
472 2297 572 2366 scripsi
586 2301 618 2351 at
633 2295 715 2351 Gertz
728 2296 795 2351 oiim
807 2299 840 2351 ia
852 2297 924 2352 stud
939 2297 999 2352 crit.
1015 2312 1115 2351 aurum

92 2368 205 2423 harenis
226 2371 254 2423 A
278 2368 400 2423 harenas
426 2380 561 2422 aurums
583 2369 613 2424 at
635 2367 709 2423 iuter
732 2368 896 2438 rapidorum
917 2385 1030 2422 cursum
1046 2370 1114 2423 torr.
1162 2431 1164 2435 ,

93 2456 151 2495 aur.
173 2439 286 2494 harenis
311 2439 475 2495 interfluens
496 2440 527 2494 F
550 2441 579 2493 et
601 2439 694 2493 niteas
718 2441 758 2508 (et
776 2439 864 2507 nitor,
883 2439 1029 2511 Schultess)
1053 2456 1114 2510 rap.

91 2514 158 2566 torr.
179 2527 279 2565 aurum
296 2511 410 2567 harenis
428 2509 592 2566 interfluens
613 2510 694 2566 Gertz
717 2513 746 2566 et
763 2511 839 2567 inter
855 2530 876 2566 r.
891 2513 911 2567 t.
932 2510 1115 2581 <alveum>

93 2598 152 2639 aur.
165 2582 280 2638 harenis
297 2583 316 2638 i.
331 2583 492 2652 Petscheaiq
513 2580 524 2654 Η
545 2580 564 2636 8
582 2581 677 2636 adriae
692 2582 811 2652 Madoiq
827 2585 921 2636 torrae
934 2583 977 2637 Ai
994 2583 1026 2637 in
1043 2601 1117 2649 raa.;

92 2671 126 2710 ac
145 2654 188 2708 A¹
206 2656 346 2723 scriptura
370 2654 443 2708 achil
464 2659 550 2708 restat
571 2654 629 2707 cisi
650 2654 744 2722 prima
767 2652 820 2708 titt.
840 2669 859 2707 a
880 2670 943 2709 orem
960 2654 1034 2707 mari
1052 2670 1115 2708 ecc-

91 2727 188 2780 iaacto
206 2726 355 2779 aethereae
369 2726 472 2795 Haupt
488 2723 613 2778 torridae
628 2725 787 2794 Petscheniq
803 2724 814 2796 ii
836 2724 855 2780 4
873 2724 1115 2779 continuationem

92 2797 123 2851 F
137 2796 313 2851 continuatio
332 2799 360 2850 A
377 2796 388 2879 Ι]
409 2795 524 2850 thies
541 2794 586 2848 his
599 2795 628 2850 A
645 2793 656 2867 ii
678 2795 696 2848 6
714 2796 813 2850 innare
832 2812 890 2852 exc.
906 2797 1003 2852 Haase
1020 2795 1115 2850 iuuari

92 2870 121 2923 et
144 2882 201 2922 exc.
224 2867 251 2922 A
277 2867 407 2921 inuantra
430 2883 488 2922 exc.
512 2867 595 2923 Gertz
618 2866 717 2920 innare
741 2868 785 2921 tot
807 2884 874 2923 exc..
889 2867 1025 2923 multem
1050 2869 1114 2936 fort.

92 2945 161 2995 recte
178 2939 190 3023 ii
210 2937 229 2992 6
245 2937 392 2992 terrestria
407 2937 518 2994 Gronov
536 2937 673 2992 terrentia
686 2938 715 2993 A
732 2940 876 2993 temones
893 2938 903 3022 i]
921 2938 939 2994 8
956 2939 1072 3010 remigis
1086 2939 1115 2994 A

91 3009 217 3079 remigiis
232 3023 249 3063 ς
267 3009 351 3064 remis
370 3008 492 3079 navigiis
508 3008 590 3064 Gertz
608 3010 700 3078 (1889)
723 3007 734 3080 Η
756 3008 775 3063 9
794 3011 924 3064 aureutra
940 3011 968 3065 A
986 3010 996 3093 Ι]
1018 3010 1053 3065 11
1072 3011 1115 3064 in-

91 3083 263 3150 temptatum
281 3093 298 3136 a·
320 3079 491 3150 intemplata
504 3079 547 3135 A¹
564 3079 752 3148 intomptatae
768 3079 853 3148 A¹(?)
871 3080 882 3153 ii
904 3081 939 3135 12
958 3097 1068 3148 erisque
1087 3081 1114 3150 ej

90 3153 119 3208 A
140 3151 148 3236 i
164 3167 216 3221 per
228 3167 333 3222 magna
342 3150 462 3208 A²·corr.
477 3153 509 3207 ic
526 3166 579 3221 par
593 3168 634 3204 m·
648 3149 691 3207 A¹
702 3151 765 3276 liu
780 3152 904 3206 incertus
918 3152 947 3207 A
959 3152 970 3224 ii
982 3151 1019 3207 20
1033 3151 1114 3220 quid·

91 3224 122 3278 ni
139 3223 281 3278 immerito
301 3222 383 3277 adid
401 3239 458 3277 uon
474 3223 614 3278 accedas.
631 3266 637 3278 .
653 3267 659 3278 .
675 3222 711 3278 do
723 3229 771 3277 es?
790 3223 869 3279 Koch
886 3223 982 3278 rolens
997 3223 1115 3279 accedes

93 3295 176 3350 Gertz
201 3293 311 3364 ahquid
334 3293 430 3349 decuti
452 3292 531 3349 noles
550 3295 670 3371 Madoiq
692 3293 793 3363 quidni
816 3295 854 3348 ad
877 3294 907 3348 id
929 3295 1061 3362 accedas,
1080 3311 1115 3350 ex

92 3382 147 3434 quo
168 3407 196 3421 ..
214 3410 220 3423 .
239 3364 354 3420 doleas?
372 3366 510 3422 asamar
523 3367 555 3422 P.
570 3367 695 3422 ihomas.
714 3372 784 3421 recte
801 3367 870 3421 mihi
888 3366 997 3435 quidem
1015 3368 1048 3422 dc
1065 3367 1116 3422 too

92 3438 149 3492 loco
175 3438 231 3493 oid.
254 3437 392 3493 iudicasse
418 3438 556 3494 Schultess
582 3438 666 3506 (Phil.
690 3438 825 3507 Anseiper
848 3437 946 3493 XVII
965 3454 996 3508 p.
1012 3440 1078 3508 293)
1105 3437 1117 3509 il

84 3505 128 3560 22
142 3507 266 3562 oonsuhi
284 3509 353 3563 suut
365 3509 398 3565 F
411 3516 444 3565 ut
460 3510 529 3581 ooiy.
550 3507 706 3580 consulitiis
725 3511 792 3563 sunt
806 3508 834 3562 A
