2438 3846
354 165 404 221 Du
423 165 487 220 IRA
506 165 574 221 LIB.
589 166 610 221 l.
643 161 720 222 cAP.
738 172 828 223 10.11
1062 168 1104 235 57

78 313 246 380 inertiae
237 336 331 397 iram,
356 313 466 378 timori
489 312 633 396 cupidita
633 311 725 415 tem]3
761 313 848 396 apsit
869 313 932 378 hoc
951 335 970 376 a
988 313 1141 379 virtuter

79 405 289 488 malum,ut
319 424 474 505 umquam
506 403 588 466 ratio
622 401 774 467 adtritis
806 403 986 487 confugiat!
1040 425 1108 468 non

79 495 189 579 potest
217 493 272 559 hic
301 493 427 557 animus
457 491 616 556 fideleot
602 492 684 556 tium
712 513 838 577 capere,
869 492 1032 576 quatiatur
1054 515 1108 556 ne·
1157 512 1160 518 ·
1196 532 1198 536 »

80 604 168 649 cesse
199 586 248 648 est
276 581 527 684 fluctueturque,
558 581 615 664 qui
637 581 731 646 malis
755 581 821 646 suis
845 585 935 647 tutus
959 585 1020 665 est,
1051 583 1107 683 qui

47 672 174 737 sfortis
208 693 276 737 esse
305 671 370 736 nisi
401 671 551 736 irascitur
582 692 650 735 non
682 673 802 754 potest,
835 671 1012 736 industrius
1043 672 1108 736 nisi

80 763 184 846 cupit,
215 761 342 845 quietus
372 760 437 826 nisi
466 760 637 824 timettin
602 760 834 844 mtyrannide
862 760 912 824 illi
934 760 1108 825 vivendum

80 852 155 916 est'
146 873 182 915 ιιι
200 850 336 915 alicuius
363 850 507 915 adfectus
531 850 672 914 venienti
696 850 890 914 servitutem
922 871 990 914 non
1008 849 1109 933 pudet

79 941 247 1005 virtutes
239 962 273 1003 ιιι
297 940 479 1005 clientelam
502 938 656 1003 vitiorum
685 939 784 1003 demit
785 937 873 1004 tere?
919 938 1033 1003 deinde
1057 939 1142 1004 det

80 1029 158 1094 sinit
182 1031 355 1115 quicquam
373 1050 469 1113 posse
488 1029 570 1093 ratio
576 1078 584 1111 ‚
609 1029 637 1114 ιι
654 1029 738 1093 nihil
756 1032 864 1112 potest
883 1029 952 1094 sine
971 1028 1107 1111 adfectu,

31 1138 60 1180 ro
79 1122 112 1182 et
134 1120 251 1203 incipit
273 1141 333 1203 par
356 1119 405 1182 illi
429 1119 608 1201 similisque
632 1139 708 1183 esse.
755 1117 833 1201 quid
858 1120 943 1182 enim
966 1119 1107 1200 interest,

80 1208 108 1272 si
131 1229 233 1292 aeque
256 1207 400 1273 adfectus
424 1207 608 1272 inconsulta
630 1229 680 1272 ιιι
705 1207 844 1273 estsine
867 1208 992 1272 ratione
1012 1228 1108 1292 quam

80 1297 163 1362 ratio
195 1296 263 1362 sine
294 1296 423 1362 adfectu
452 1295 625 1361 inefficax?
670 1319 730 1380 par
759 1299 932 1380 utrumque
961 1301 1022 1380 est,
1052 1296 1108 1360 ubi

80 1408 149 1453 esse
173 1387 309 1451 alterum
332 1387 401 1451 sine
425 1386 525 1451 altero
548 1407 616 1450 non
638 1389 753 1469 potest.
788 1387 860 1469 quis
884 1389 991 1449 autem
1016 1387 1109 1451 susti-

78 1479 155 1540 neat
185 1474 346 1541 adfectum
379 1497 556 1559 exaequare
588 1474 728 1540 rationi?
773 1474 841 1540 ‘ita'
872 1476 980 1558 inquit
1008 1475 1144 1540 ‘utihss

33 1583 60 1626 ιι
81 1565 226 1630 adfectus
254 1570 316 1648 est,
344 1566 372 1630 si
400 1564 545 1630 modicus
579 1564 647 1630 est'
692 1565 792 1630 immo
823 1564 851 1630 si
879 1569 996 1628 natura
1018 1565 1108 1629 utilis

81 1657 137 1719 est.
171 1653 227 1719 sed
246 1655 274 1719 si
297 1655 457 1738 inpatiens
480 1655 609 1738 imperii
631 1654 830 1737 rationisque
854 1657 915 1737 est,
938 1654 1002 1720 hoc
1020 1653 1110 1718 dum·

79 1746 171 1807 taxat
201 1743 421 1808 moderatione
451 1746 678 1827 consequetur,
704 1747 741 1806 ut
771 1765 836 1827 quo
866 1745 974 1808 minor
1003 1744 1108 1827 fuerit,

79 1833 187 1897 minus
210 1836 339 1897 noceat:
363 1854 439 1918 ergo
463 1832 609 1898 modicus
637 1832 770 1897 affectus
793 1833 877 1897 nihil
900 1833 988 1897 eliud
1012 1855 1109 1918 quam

79 1922 203 1987 malum
226 1922 390 1988 modicum
413 1926 469 1987 est.

31 2030 60 2073 ro
170 2009 225 2075 XI.
250 2009 325 2076 ‘Sed
357 2012 509 2077 adversus
545 2012 667 2077 hostes'
700 2011 807 2096 inquit
839 2012 1029 2078 ‘necessaria
1061 2016 1142 2078 est1
1171 2057 1172 2060 κ

78 2099 148 2164 ira’
181 2122 342 2184 nusquam
365 2102 486 2165 minus:
510 2101 566 2165 ubi
587 2122 656 2165 non
679 2101 797 2167 effirsos
817 2122 885 2166 esse
904 2105 1034 2185 oportet
1052 2103 1108 2165 im·

78 2192 174 2274 petus
205 2189 261 2255 sed
290 2193 486 2274 temperatos
515 2193 547 2253 et
575 2189 790 2256 oboedientes.
841 2190 919 2275 quid
948 2192 1033 2255 enim
1061 2194 1110 2257 est

78 2278 168 2344 aliud
188 2278 275 2364 quod
293 2279 447 2345 barbaros
465 2282 557 2344 tanto
577 2281 775 2345 robustiores
795 2281 998 2364 corporibus,
1017 2283 1109 2346 tanto

78 2370 288 2453 patientiores
318 2369 467 2434 laborum
500 2370 699 2434 comminuat
727 2369 791 2433 nisi
821 2370 870 2434 ira
901 2369 1110 2435 infestissima

32 2476 59 2519 rc
78 2457 164 2522 sibi?
209 2458 404 2543 gladiatores
429 2479 558 2542 quoque
581 2481 632 2523 ars
655 2462 777 2542 tuetur,
801 2459 850 2523 ira
872 2458 1020 2523 denudat.
1058 2459 1143 2523 dea

78 2546 154 2611 inde
178 2547 256 2630 quid
278 2569 359 2631 opus
384 2549 515 2631 estne,
539 2568 613 2612 cum
636 2547 721 2611 idem
744 2547 895 2631 proficiat
917 2546 1022 2611 ratio?
1068 2570 1110 2612 an

78 2638 116 2700 tu
141 2638 237 2720 putas
260 2639 446 2700 venatorem
469 2636 564 2701 irasci
587 2635 686 2701 feris?
718 2637 809 2720 atqui
833 2640 864 2700 et
880 2637 1038 2702 venientis
1058 2660 1110 2702 ex·

78 2729 161 2878 att
181 2725 1110 2899 tritt?otttttt‘utttttqltttlt

31 2920 60 2963 ιο
78 2902 250 2986 superfusa
263 2900 404 2986 Alpibus
419 2904 465 2967 ita
484 2903 629 2987 sustulit,
652 2906 689 2969 ut
707 2908 816 2967 tantae
839 2902 940 2969 cladis
958 2904 1109 2969 notitiam

78 2989 121 3055 ad
150 3012 227 3056 suos
256 3012 324 3055 non
353 2992 486 3058 nuntius
517 2992 574 3058 sed
603 2993 690 3057 fama
712 2992 895 3076 pertulerit,
925 2993 989 3058 nisi
1022 2991 1109 3076 quod

78 3083 149 3144 erat
134 3079 237 3145 tillis
260 3080 309 3144 ira
331 3103 391 3164 pro
415 3081 516 3146 virtut
502 3079 556 3145 te?
602 3103 683 3164 quae
706 3086 743 3146 ut
766 3081 939 3166 aliquando
963 3081 1110 3165 propulit

170 3251 187 3306 1
214 3253 290 3309 absit
311 3252 354 3310 A⁸
382 3253 469 3323 (bea
476 3272 511 3324 p
534 3270 603 3310 corr.
605 3254 654 3327 >tt
679 3254 697 3310 3
721 3271 836 3324 capere,
860 3255 1008 3324 quatiatur
1027 3254 1109 3309 (lecta

238 3328 267 3396 ’,ι
292 3327 362 3398 ootp.
389 3342 443 3396 cap
444 3341 503 3381 ere:
530 3327 707 3398 quatiatur!
704 3327 714 3399 ιι
741 3327 777 3382 10
801 3325 958 3397 similisque
983 3343 1052 3382 corr
1074 3343 1108 3380 erc

77 3341 470 3472 timetquefort.A¹l120
487 3398 583 3466 inquit
596 3400 653 3469 A(
643 3400 740 3469 (supra
759 3417 778 3470 q
796 3415 851 3455 rae
846 3397 887 3527 ,ἐι
853 3397 993 3468 )27ι
964 3399 1108 3455 etuenien

77 3468 118 3523 tis
132 3469 161 3525 A
187 3469 423 3540 priortpecwtis
440 3472 556 3540 notata)
575 3469 585 3543 ιι
603 3469 639 3526 28
654 3471 682 3525 ιι
685 3469 840 3556 fugientes
881 3478 959 3528 rutae
974 3470 1111 3537 stagnea
1107 3499 1120 3508 -

77 3539 118 3595 tis
133 3542 161 3595 A
206 3543 397 3611 persequitur
418 3543 514 3600 omnia
532 3541 625 3600 illa
604 3561 668 3602 srne
684 3543 733 3602 ira
749 3544 838 3602 tacit
861 3544 939 3614 qum
953 3541 992 3596 a
1006 3540 1146 3593 Koraza
