2438 3846
482 151 689 208 PRAEFATIO
1062 150 1101 206 IX

77 307 133 366 aut
149 305 241 365 verba
259 304 408 381 quaedam
425 302 465 363 ad
483 303 713 383 grammaticam
730 302 843 362 autad
864 304 912 363 ius
930 303 1101 363 Romanum

76 392 261 473 permensis
296 393 492 470 explicarent,
528 393 579 454 hio
615 411 845 454 commemorare
882 392 957 453 satis
995 391 1100 467 habeo,

78 485 190 561 quippe
219 501 296 560 quas
325 483 358 542 in
387 484 636 543 commentarium
665 482 796 559 recipere
823 482 973 542 noluerim
996 481 1101 541 auxilii

30 647 33 653 Ι
77 572 117 632 ad
147 573 275 633 Senecae
305 571 397 633 verba
427 571 613 633 emendanda
639 572 716 631 nihil
745 571 911 632 afferentes.
957 570 1009 631 sed
1031 589 1100 631 cum
1177 581 1180 586 ’

77 680 115 721 ne
146 663 220 721 haec
251 660 372 739 quidem
403 680 510 721 manus
542 663 631 722 certis
663 661 777 738 ubique
807 659 929 720 indiciis
958 679 978 720 a
1008 679 1101 720 manu

76 750 177 828 prima
206 753 238 811 et
265 751 397 811 secunde
426 749 576 830 distingui
604 752 713 828 possit,
745 748 847 826 Gertz,
874 749 926 809 ubi
952 749 1100 810 incertum

78 842 153 960 erqt,
176 859 253 960 quoq
275 857 383 900 manus
407 841 597 918 agnoscende
620 843 707 916 esset,
730 839 824 919 signis
847 857 921 899 usus
944 842 990 899 est
1012 831 1101 914 ΑΗ,

76 929 107 987 A
125 923 157 1009 (i
176 973 185 1004 ,
206 929 238 987 A
271 927 311 989 t.

156 922 418 1087 )Qnart}a)deiude
446 1036 556 1077 manus
584 1011 657 1099 (11⁴)
686 1018 818 1080 breviter
843 1017 894 1078 hic
923 1036 1100 1077 commemo·
1119 1016 1161 1072 Α4

77 1106 174 1166 rande
206 1109 265 1183 est,
297 1126 376 1183 quae
407 1109 558 1184 scripture
589 1107 688 1167 nitida
718 1111 750 1168 et
782 1106 822 1167 ad
857 1106 1100 1186 [langobardicas

76 1196 188 1256 formas
212 1195 370 1257 accedente
388 1198 493 1273 paucis
512 1196 587 1258 locis
605 1196 675 1256 inda
694 1216 713 1258 a
731 1196 852 1275 dialogo
871 1196 903 1254 11
921 1197 1101 1275 argumenta

77 1285 225 1363 quaedam
257 1289 289 1346 et
320 1285 434 1345 scholia
467 1285 636 1363 adscripsit.
690 1304 751 1345 non
783 1287 864 1346 enim
896 1285 988 1364 digna
1019 1283 1101 1345 ride-

76 1375 189 1436 bantur
211 1394 290 1454 quae
312 1374 346 1434 iu
369 1377 520 1452 apparatu
543 1375 647 1435 critico
671 1375 849 1436 exhiberem.

167 1462 226 1525 Sed
248 1484 317 1525 cum
339 1483 435 1541 usque
459 1464 498 1524 ad
520 1464 554 1524 id
576 1468 705 1541 tempus,
728 1465 755 1524 si
777 1482 889 1541 paucas
912 1457 957 1522 A³
979 1482 1101 1523 rasuras

76 1553 239 1630 exceperis,
267 1553 360 1613 codex
387 1555 521 1615 modeste
549 1573 568 1613 a
596 1553 811 1614 correctoribus
841 1555 990 1614 macutus
1014 1555 1103 1628 esset,-

75 1644 196 1704 saeculo
224 1643 296 1702 XIV
319 1644 375 1702 aut
396 1643 452 1700 XV
480 1662 499 1703 a
526 1663 618 1703 manu
649 1645 758 1720 quinta
785 1642 900 1703 rasuris
929 1642 1102 1704 foedissime
1120 1640 1162 1696 ⁴1⁶

74 1735 213 1793 vastatus
244 1735 297 1792 est.
345 1734 436 1809 atque
465 1736 502 1793 ut
524 1753 543 1793 a
565 1732 729 1792 levioribus
752 1734 910 1809 incipiam,
937 1733 969 1791 in
1000 1732 1101 1792 ortho-

75 1821 204 1900 graphia
225 1822 275 1881 hie
298 1824 448 1882 corrector
469 1822 622 1904 permulta
640 1823 766 1882 novavit
784 1823 934 1900 scriptura
957 1821 1102 1881 nimirum

76 1910 116 1970 ad
138 1929 210 1972 suae
234 1911 345 1970 aetatis
367 1929 458 1970 usum
481 1913 719 1973 accommodata:
741 1911 787 1972 ita
806 1928 841 1971 ae
859 1912 942 1991 vele
964 1910 997 1969 in
1016 1927 1043 1980 e,
1062 1927 1101 1970 uo

74 1999 107 2058 in
130 2001 237 2070 cottas,
265 2001 371 2060 volnus
393 2001 426 2059 in
448 2019 491 2060 aa
514 2020 632 2078 semper
658 2001 720 2061 lere
743 2001 875 2061 mutarit
901 2003 933 2060 et
955 2000 1101 2077 antiquae

76 2089 244 2167 scripturae
271 2088 416 2167 reliquias
443 2090 477 2149 in
504 2091 695 2164 opseeodere,
726 2094 905 2159 aestumare,
925 2106 1099 2163 procorus,

74 2178 202 2253 ambro,
231 2183 317 2251 aper,
344 2180 486 2253 optinere,
515 2180 629 2239 cottidie
656 2179 721 2239 sim.
746 2180 907 2259 diligenter
932 2180 963 2239 et
988 2176 1100 2255 ubique

74 2286 199 2328 rasurae
229 2286 285 2345 ope
320 2267 443 2345 expulit.
488 2268 569 2329 idem
602 2269 767 2329 innumeris
800 2270 888 2344 locis,
924 2267 1037 2345 quibus
1068 2267 1101 2325 in

74 2356 173 2417 verbis
218 2356 449 2435 nominibusque
495 2377 563 2417 cum
607 2358 882 2435 praepositionibus
926 2356 1101 2434 compositis

74 2446 184 2505 ultima
211 2445 445 2523 praepositionis
473 2465 640 2508 consonans
667 2449 807 2524 sequenti
834 2446 1013 2508 consonanti
1039 2464 1100 2505 non

75 2533 249 2595 adsimilata
267 2537 342 2610 erat,
360 2537 475 2596 rasuris
493 2554 566 2596 usus
586 2535 775 2597 assimilavit.
812 2536 971 2597 sescenties
993 2533 1100 2594 deinde

75 2642 211 2700 eaquae
234 2619 278 2684 Α1
300 2627 380 2685 recte
404 2623 539 2703 quidem,
562 2625 615 2685 scd
637 2625 682 2684 ita
705 2627 893 2700 exaraverat,
924 2628 959 2684 ut
981 2624 1100 2703 singula

74 2712 167 2774 rerba
199 2714 405 2789 cohaererent,
437 2715 598 2775 continuae
635 2714 801 2791 scripturae
837 2715 1000 2791 impatiens
1037 2715 1100 2774 suis

75 2801 191 2863 artibus
214 2803 346 2863 variavit
368 2822 402 2863 ac
424 2822 461 2863 ne
485 2803 528 2863 eis
556 2803 677 2881 quidem
700 2804 774 2864 loeis
804 2821 953 2865 erasure
975 2822 1100 2862 manum

75 2891 232 2968 abstinuit,
254 2892 307 2951 ubi
328 2893 391 2952 iam
414 2894 481 2972 ipsa
503 2912 611 2955 manus
633 2893 732 2972 prima
757 2894 811 2953 aut
832 2891 965 2954 secunda
987 2892 1099 2952 leniore

73 2981 220 3058 remedio,
247 2981 366 3042 lineolis
388 2981 546 3059 meisque,
571 2983 690 3043 litteras
716 2983 750 3043 in
772 2982 864 3043 rerba
887 2981 1098 3058 dispeeouerat.

73 3068 128 3130 sed
150 3089 211 3129 non
234 3071 333 3131 solum
355 3090 405 3148 ea,
433 3091 510 3149 quae
532 3091 628 3148 prava
655 3091 719 3133 esse
742 3071 800 3132 sibi
821 3073 1028 3150 persuaserat,
1054 3072 1100 3131 its

73 3159 212 3235 correxit,
231 3159 283 3220 sed
300 3160 392 3220 etiam
407 3161 652 3237 compendiorum
665 3161 856 3222 avidissimus
869 3161 902 3222 in
915 3180 1100 3239 unaquaque

73 3249 188 3327 pagina
202 3249 481 3328 singulassyllabas
491 3268 648 3329 vocesque,
662 3251 745 3311 haud
757 3269 826 3328 raro
841 3252 934 3311 etiam
944 3250 1099 3328 complura

72 3337 167 3398 verba
196 3338 302 3414 erasit,
331 3339 448 3400 scilicet
476 3342 512 3399 ut
537 3340 569 3399 in
599 3341 724 3401 lacunas
747 3359 869 3418 prorsus
893 3339 998 3400 eadem
1021 3359 1098 3418 quae

73 3430 220 3504 eraserat,
251 3428 304 3489 sed
335 3428 397 3488 alio
428 3429 531 3505 modo,
564 3429 747 3508 compendiis
779 3429 926 3495 nimirum
955 3428 1113 3486 adhibila

73 3517 202 3596 scripta,
228 3517 390 3580 infulciret.
435 3519 515 3581 huuc
542 3523 751 3584 correctorem
778 3518 847 3581 sida
862 3520 1051 3588 &amparare
1068 3518 1144 3556 W*
