2438 3846
86 149 136 204 AD
151 147 328 204 SERENVM
341 147 391 204 Du
405 146 729 212 TRANQVILLITATE
739 147 848 202 ANIMI
862 147 939 202 CAP.
952 155 984 203 11
1027 150 1092 215 267

67 316 141 380 pars
160 293 329 360 hominum
353 299 415 378 est,
439 315 520 379 quae
543 293 735 379 navigatura
757 294 796 360 de
817 296 1009 378 tempestate
1027 314 1094 358 non

67 386 198 471 cogitat.
235 406 412 470 numquam
435 407 487 449 me
510 384 545 448 in
567 403 636 449 coca
657 382 744 448 bona
766 384 844 449 mali
866 383 1004 468 pudebit
1022 404 1094 447 auc·
1130 401 1146 449 8

66 476 155 540 toris.
202 472 375 559 Publilius,
405 475 538 560 tragicis
569 473 766 557 comicisque
796 473 1018 539 vehementior
1047 472 1094 536 in-

65 563 184 651 geniis,
207 565 355 648 quotiens
379 564 525 628 mimicas
548 563 686 650 ineptias
710 566 743 627 et
760 563 857 628 verba
875 563 915 628 ad
935 583 1094 628 summam

34 674 196 719 scaveam
227 652 406 736 spectantia
435 653 582 735 reliquit,
610 652 696 717 inter
725 652 829 716 multa
856 653 920 717 alia
946 656 1095 734 coturno,

65 763 132 806 non
154 745 283 806 tantum
306 741 440 826 sipario,
463 741 600 805 fortiora
623 745 655 806 et
677 740 741 807 1111
764 742 822 804 ait:

219 846 307 901 cuivis
326 848 422 916 potest
440 845 569 900 accidere
589 845 665 913 quod
685 845 818 915 cuiquam
836 847 938 914 potest.

65 939 130 1005 hoc
161 938 189 1004 si
220 939 292 1024 quis
326 939 362 1004 in
397 938 553 1004 medullas
584 937 750 1004 demiserit
783 941 816 1003 et
848 939 958 1002 omnia
990 939 1094 1004 aliena

66 1029 164 1112 mala,
196 1050 334 1113 quorum
362 1028 476 1114 ingens
504 1028 623 1094 cotidie
647 1028 741 1111 eopia
763 1030 826 1110 est,
854 1027 901 1092 sie
923 1029 1093 1111 aspexerit,

21 1139 47 1178 11
65 1122 232 1201 tamquam
254 1119 393 1183 liberum
416 1118 482 1182 illis
506 1122 539 1182 et
562 1118 601 1183 ad
626 1139 659 1183 se
683 1120 744 1183 iter
763 1117 819 1200 sit,
843 1117 946 1181 multo
967 1120 1041 1181 ante
1060 1141 1093 1181 se

61 1207 203 1289 armabit
235 1228 332 1290 quam
364 1209 507 1290 petatur;
539 1229 609 1272 sero
642 1209 768 1272 animus
799 1207 840 1271 ad
874 1206 1093 1291 periculorum

65 1295 255 1380 patientiam
284 1299 360 1379 post
386 1297 530 1380 pericula
557 1297 736 1361 instruitur.
784 1297 866 1361 ‘non
893 1296 1008 1381 putavi
1030 1295 1093 1360 hoc

65 1384 228 1450 futurum'
256 1389 289 1450 et
312 1385 482 1470 ‘umquam
506 1389 543 1448 tu
564 1385 629 1450 hoe
651 1390 841 1450 eventurum
866 1384 1094 1451 credidisses?'

65 1497 164 1559 quare
183 1479 291 1540 autem
309 1474 398 1539 non?
435 1497 517 1560 quae
536 1478 612 1538 sunt
628 1474 772 1557 divitiae,
793 1497 872 1558 quas
886 1497 954 1539 non
968 1479 1092 1561 egestas

18 1583 45 1624 15
63 1569 97 1629 et
114 1563 215 1629 fames
234 1569 267 1629 et
285 1564 474 1630 mendicitas
493 1568 618 1650 atergo
634 1563 808 1646 sequatur?
846 1584 928 1648 quae
943 1564 1092 1649 dignitas,

63 1654 155 1719 cuius
191 1676 260 1719 nou
295 1658 494 1738 praetextam
532 1656 564 1719 et
600 1653 754 1739 augurale
791 1655 824 1717 et
854 1653 925 1717 lora
957 1653 1093 1737 patricia

64 1743 174 1809 sordes
197 1743 395 1808 comitentur
417 1748 450 1808 11
472 1743 678 1828 exprobratio
702 1748 799 1808 notae
823 1745 855 1808 et
877 1742 967 1807 mille
986 1763 1092 1807 macu-

62 1834 113 1897 lae
146 1836 179 1896 et
211 1836 354 1897 extrema
384 1832 607 1918 contemptio?
659 1832 747 1918 quod
776 1854 913 1919 regnum
944 1836 1006 1916 est,
1039 1833 1091 1897 cui

63 1943 132 1988 non
167 1926 280 2006 parata
314 1923 357 1987 sit
388 1923 482 1986 ruina
514 1927 546 1987 et
577 1922 777 2007 proculcatio
811 1926 844 1987 et
876 1923 1026 1988 dominus
1059 1927 1092 1986 et

16 2031 44 2071 so
63 2010 229 2076 carnifex?
265 2032 325 2076 nec
348 2012 474 2097 maguis
498 2011 561 2076 ista
582 2011 761 2077 intervallis
780 2012 896 2096 divisa,
920 2012 975 2078 sed
992 2011 1091 2076 horae

62 2103 264 2166 momentum
286 2101 421 2165 interest
443 2101 528 2165 inter
546 2101 664 2165 solium
684 2106 717 2166 et
734 2101 840 2166 aliena
857 2123 971 2189 genua
1010 2101 1091 2167 scito
1112 2117 1145 2166 10

63 2212 141 2277 ergo
169 2213 299 2256 omnem
327 2190 550 2256 condicionem
574 2190 764 2284 vrsabilem
788 2213 857 2256 esse
881 2195 914 2256 et
937 2191 1091 2276 quioquid

63 2280 98 2344 in
115 2280 219 2345 ullum
239 2281 375 2345 incurrit
392 2282 538 2365 possein
551 2283 583 2345 te
598 2301 727 2366 quoque
741 2282 913 2346 incurrere.
945 2282 1091 2365 locuples

63 2391 110 2434 es:
133 2371 292 2454 numquid
315 2369 447 2435 divitior
469 2368 647 2454 Pompeio?
689 2371 742 2436 oui
765 2393 839 2437 cum
863 2368 975 2456 Gaius,
997 2375 1090 2436 vetus

17 2478 44 2520 se
63 2461 236 2547 cognatus,
264 2459 382 2544 hospes
412 2481 528 2543 novos,
562 2460 740 2544 aperuisset
770 2458 914 2526 (lassaris
948 2461 1090 2544 domum,

62 2552 100 2614 ut
123 2571 215 2615 suam
234 2549 389 2633 eluderet,
414 2549 517 2615 defuit
534 2549 640 2633 panis,
664 2571 756 2635 aqua.
795 2571 868 2615 oum
887 2553 938 2615 tot
956 2550 1090 2615 flumina

61 2639 243 2724 possideret
265 2639 300 2705 in
322 2660 381 2704 suo
406 2639 557 2724 orientia,
578 2640 613 2704 in
632 2661 690 2704 suo
710 2639 872 2724 cadentia,
894 2640 1090 2705 mendicavit

63 2727 230 2814 stilicidia3
259 2728 345 2795 fame
369 2750 406 2794 ao
433 2729 488 2795 siti
511 2730 608 2814 periit
631 2730 667 2794 in
688 2731 811 2815 palatio
836 2729 981 2817 cognati,
1011 2729 1089 2795 dum

63 2818 113 2882 1111
141 2819 234 2884 heres
267 2818 434 2902 publicum
466 2818 564 2885 funus
592 2819 746 2885 esurienti
768 2820 864 2885 locat.
910 2819 1088 2884 honoribus
1109 2835 1140 2884 11

154 2957 170 3012 ⁷
189 2958 298 3013 Publili
315 2957 382 3028 Syri
400 2963 466 3013 sent.
481 2964 536 3014 119
554 2959 636 3013 Ribb.
652 2958 845 3025 cfr.dial.V1
860 2963 886 3026 9,
900 2962 917 3013 5

151 3045 170 3101 2
188 3063 255 3102 voce
272 3047 367 3114 Gertz,
386 3049 454 3118 colp.
474 3064 504 3102 re
523 3065 557 3104 ea
575 3060 593 3102 s
611 3047 676 3103 odd.
697 3048 772 3121 [met
803 3048 836 3102 in
853 3046 995 3102 medicine
1013 3046 1089 3103 bona

63 3119 199 3176 Schultess
223 3117 234 3191 ΙΙ
257 3118 276 3173 8
300 3118 440 3173 Publilius
462 3120 564 3189 Haupt
587 3118 703 3188 publius
725 3049 784 3247 A}
807 3119 826 3174 5
849 3121 1013 3177 coturnos
1036 3121 1087 3188 cfr.

58 3194 240 3263 pop43,18
263 3191 274 3263 11
298 3190 333 3245 ld
356 3192 534 3262 praetextam
553 3191 733 3262 &augurale
807 3193 880 3261 qaod
904 3193 1009 3260 falsum
1034 3201 1089 3248 esee

62 3263 203 3319 1111111111
221 3263 354 3335 Modoip,
372 3265 421 3333 qui
439 3266 616 3332 praetextam
636 3263 802 3334 auguralem
823 3265 1015 3334 corripendum
1033 3281 1089 3321 esse

62 3342 151 3390 censet
174 3336 351 3403 praetextam
371 3337 400 3389 et
418 3333 546 3405 galerum
567 3334 649 3390 Gertz
672 3335 683 3406 11
708 3335 742 3390 17
767 3334 946 3404 exprobratio
969 3337 1088 3406 Madoip

62 3405 267 3550 1111
280 3405 344 3545 le
724 3407 1101 3545 11111111

63 3546 99 3603 28
118 3549 264 3620 cognatis
283 3550 406 3629 cognata
420 3551 448 3607 A
579 3520 585 3532 ι
710 3519 715 3532 ⁸
752 3520 757 3532 ⁸
846 3521 851 3532 ⁵
