2438 3846
120 127 163 191 66
316 123 346 179 L.
361 123 502 178 ANNAEI
520 123 685 179 SENECAE
703 124 798 179 DlAL.
813 123 880 179 LIB.
895 123 942 178 ΠΙ.

119 271 168 333 ira
196 270 287 335 vanis
317 273 349 334 et
376 273 465 334 extra
487 291 616 335 causam
639 269 882 335 obversantibus
905 274 1134 334 commovetur.

120 359 228 424 vultus
247 359 337 424 illam
355 359 504 441 securior,
522 380 587 423 vox
604 359 729 442 clarior,
748 380 851 424 sermo
872 358 1012 440 liberior,
1028 358 1135 423 cultus

121 448 299 531 delicatior,
328 447 495 513 advocatio
526 447 738 532 ambitiosior,
768 448 861 512 favor
887 447 1053 532 popularis
1083 469 1136 511 ex-

121 540 283 622 asperant,
312 558 406 622 saepe
436 536 553 601 infesta
581 539 717 620 patrono
747 558 838 602 reum
866 536 1010 620 damnat3
1037 536 1135 600 etiam

121 627 149 690 si
180 626 337 711 ingeritur
368 626 470 692 oculis
502 625 633 708 veritas,
665 629 752 690 amat
783 629 815 690 et
844 629 952 690 tuetur
981 645 1136 707 errorem3
1169 646 1181 686 ⁵

121 716 253 800 coargui
284 736 350 778 non
381 715 452 779 vult
483 718 516 779 et
547 715 581 778 in
612 715 696 779 male
727 715 850 800 coeptis
886 714 1053 779 honestior
1086 713 1136 777 illi

86 805 297 886 apertinacia
327 804 454 868 videtur
485 826 582 888 quam
618 804 821 888 paenitentia.
878 801 933 867 On.
961 801 1037 868 Piso
1073 801 1138 866 fuit

121 894 275 958 memoria
296 896 407 957 nostra
429 893 479 957 vir
496 915 516 958 a
533 893 644 958 multis
667 894 755 959 vitiis
779 895 915 979 integer,
939 891 995 956 sed
1017 913 1137 977 pravus

121 985 154 1045 et
185 983 238 1047 oui
268 981 416 1066 placebat
447 1004 506 1067 pro
538 983 719 1048 constantia
745 983 842 1068 rigor.
888 983 915 1047 is
938 1002 1012 1046 cnm
1035 981 1136 1046 iratus

122 1071 196 1136 duci
219 1071 364 1136 iussisset
386 1094 472 1155 eum,
496 1072 552 1156 qui
571 1094 611 1137 ex
628 1074 810 1138 commeatu
829 1071 897 1137 sine
916 1070 1137 1137 commilitone
1157 1092 1182 1130 ro

121 1159 270 1242 redierat,
301 1162 392 1242 quasi
421 1161 633 1227 interfecisset
663 1183 758 1245 quem
784 1181 851 1224 non
878 1158 1063 1241 exhibebat,
1086 1180 1138 1224 ro-

122 1250 212 1333 ganti
247 1252 374 1334 tempus
411 1250 542 1334 aliquod
579 1251 619 1314 ad
655 1249 909 1335 conquirendum
942 1270 1009 1314 non
1040 1247 1137 1312 dedit.

122 1337 289 1403 damnatus
312 1343 402 1404 extra
424 1340 545 1404 vallum
567 1339 742 1424 productus
767 1342 815 1404 est
838 1339 957 1402 etiam
980 1337 1137 1403 cervicem

121 1426 318 1512 porrigebat,
355 1450 429 1494 cum
460 1428 569 1494 subito
600 1430 751 1513 apparuit
783 1428 838 1492 ille
870 1427 1049 1492 commilito
1081 1427 1139 1511 qui

86 1527 103 1574 4
123 1517 246 1581 occisus
268 1518 444 1583 videbatur.
489 1521 567 1583 tunc
589 1518 733 1583 centurio
755 1516 915 1602 supplicio
934 1516 1138 1600 praepositus
1157 1536 1183 1576 ιι

122 1604 257 1669 condere
294 1607 437 1691 gladium
473 1607 705 1691 speculatorem
741 1606 843 1689 iubet,
878 1605 1065 1670 damnatum
1097 1604 1138 1669 ad

121 1691 272 1758 Pisonem
300 1695 425 1760 reducit
453 1696 634 1762 redditurus
662 1694 782 1761 Pisoni.
802 1695 1032 1760 innocentiam:
1061 1715 1138 1758 nam

122 1782 219 1846 militi
241 1783 371 1848 fortuna
393 1784 580 1850 reddiderat.
618 1785 742 1871 ingenti
760 1806 919 1850 concursu
937 1783 1139 1849 deducuntur

122 1873 272 1956 conplexi
301 1875 383 1938 altu
409 1875 547 1939 altmum
575 1896 648 1940 oum
675 1895 793 1960 magno
817 1872 935 1960 gaudio
959 1875 1139 1939 castromm

123 1963 365 2028 commilitones.
402 1962 588 2029 conscendit
609 1964 752 2029 tribunal
771 1963 880 2028 furens
899 1960 975 2027 Piso
994 1982 1032 2026 ac
1049 1960 1141 2025 iubet
1158 1981 1185 2020 ra

123 2050 197 2115 duci
226 2055 411 2136 utrumque,
441 2056 473 2117 et
500 2075 573 2117 eum
595 2053 732 2118 militeffl
755 2053 812 2137 qui
833 2073 901 2117 non
923 2049 1085 2116 occiderat
1107 2053 1141 2115 et

88 2151 103 2198 5
124 2161 196 2203 eum
219 2141 275 2223 qui
295 2163 361 2206 non
379 2142 524 2225 perierat.
561 2141 720 2227 quidhoc
739 2140 925 2228 indignius?
961 2140 1038 2224 quia
1055 2160 1140 2205 unus

123 2229 275 2294 innocens
308 2234 511 2314 apparuerat,
544 2231 607 2296 duo
639 2231 796 2315 peribant.
851 2228 927 2295 Piso
960 2228 1077 2294 adiecit
1107 2231 1142 2293 et

123 2318 261 2382 tmtium.
307 2341 382 2383 nam
409 2320 516 2404 ipsum
543 2321 775 2402 centurionem,
803 2319 860 2403 qui
883 2318 1070 2383 damnatum
1092 2339 1141 2382 re·

123 2406 270 2491 duxerat,
292 2407 367 2473 duci
389 2409 490 2474 iussit.
527 2410 695 2476 constituti
713 2409 842 2474 suntin
859 2406 972 2472 eodem
989 2406 1047 2471 illo
1065 2406 1140 2472 loco
1159 2425 1185 2466 re

89 2497 258 2580 aperituri
288 2501 353 2563 tres
386 2499 427 2563 ob
459 2499 554 2564 unius
586 2499 811 2565 innocentiam.
857 2518 999 2581 equam
1026 2495 1141 2561 sollers

124 2589 173 2650 est
194 2586 359 2652 iracundia
381 2586 421 2652 ad
444 2587 609 2674 fingendas
633 2610 744 2654 causas
770 2587 902 2651 firrorisl
948 2583 1011 2651 ‘te'
1034 2585 1142 2669 inquit

124 2673 211 2740 ‘duci
242 2675 349 2760 iubeo,
383 2678 459 2761 quia
488 2677 656 2743 damnatus
685 2699 732 2761 es3
761 2680 806 2760 te,
834 2675 912 2760 quia
934 2695 1031 2740 causa
1054 2673 1141 2738 dam-

123 2765 263 2831 nationis
295 2767 507 2832 commilitoni
538 2767 643 2850 fuisti3
675 2770 720 2849 te,
751 2766 827 2850 quia
858 2764 964 2831 iussus
997 2763 1141 2829 occidere

124 2853 309 2938 imperatori
340 2878 406 2920 non
438 2855 603 2939 paruisti':
639 2854 837 2940 excogitavit
870 2851 1142 2939 quemadmodum
1160 2871 1187 2912 rc

123 2944 186 3007 trie
209 2944 343 3009 crimina
365 2945 496 3028 faceret,
519 2945 596 3028 quia
618 2944 745 3009 nullum
767 2944 941 3008 invenerat.

211 3135 330 3191 Bfabor
347 3138 389 3194 Α)
411 3137 457 3192 sed
475 3136 494 3191 b
513 3139 544 3192 in
562 3157 578 3188 v
596 3153 666 3193 corr.
689 3136 700 3210 11
724 3136 743 3193 8
764 3152 870 3207 prauus
893 3136 969 3202 AL,
992 3135 1064 3204 aad
1086 3135 1142 3190 oid.

124 3213 282 3278 corruptum
309 3226 376 3264 esse:
402 3210 446 3263 ira
472 3223 577 3278 pravus
603 3211 645 3264 vel
671 3223 808 3278 praeceps
831 3207 915 3263 Gertz
944 3222 1044 3261 saevus
1067 3207 1144 3262 Recb

123 3293 227 3347 pravus
252 3295 285 3335 eo
311 3281 387 3348 quod
411 3279 548 3335 Schultess
573 3279 727 3334 iracundus
752 3296 799 3348 epo
822 3279 918 3334 malim
939 3276 1045 3332 autin
1069 3276 1143 3331 iram

123 3365 228 3417 pronus
252 3347 256 3422 Ι
289 3349 307 3405 9
328 3350 415 3422 rigor.
433 3353 459 3405 is
482 3366 545 3405 cum
564 3350 607 3405 A’
623 3352 655 3406 ia
673 3368 744 3416 rae.;
766 3349 808 3404 Α1
825 3351 889 3416 fort.
907 3349 1005 3404 babuit
1025 3347 1143 3418 rigores.

124 3437 195 3556 cun>
209 3419 243 3544 ld
269 3419 288 3478 Β
314 3423 345 3478 et
370 3421 428 3477 iam
452 3421 495 3477 A·
521 3423 553 3478 a'a
575 3438 631 3478 ras.
657 3423 745 3477 etiam
766 3422 807 3476 Αι
834 3422 844 3492 Η
870 3420 905 3473 aa
930 3417 1090 3488 perilsbant
1118 3421 1144 3490 (e

107 3504 177 3540 Cl'aS.
