2438 3846
113 156 178 222 248
307 135 936 210 s.Auusn1suun'osno1sn.nre.1x.

114 298 169 365 sed
201 302 348 364 senectus
378 297 419 363 ad
447 296 634 363 novandum
660 297 756 383 pigre
778 296 960 382 deprendit3
988 292 1080 363 sdioe
1102 302 1137 364 et

113 389 201 471 illos,
230 389 285 472 qui
311 410 379 453 non
407 388 605 453 constantiae
627 386 708 452 vitio
732 408 847 470 parum
868 386 956 452 leves
980 387 1137 452 suntsed

113 477 259 560 inertiae,
283 480 315 542 et
336 476 451 542 vivont
471 498 539 540 non
562 475 725 560 quomodo
743 476 872 559 volunt,
896 475 952 541 sed
972 475 1135 560 quomodo

79 569 296 651 seoeperunt.
349 565 597 630 innumerabiles
634 565 784 648 deinceps
813 566 1027 651 proprietates
1060 569 1168 632 sunt,

113 654 169 720 sed
196 677 279 719 unus
303 655 434 720 effeetus
458 655 544 737 vitii,
575 654 638 719 sibi
660 654 857 737 displicere·
883 655 946 719 hoe
969 654 1072 719 oritur
1095 653 1136 719 ab
1166 671 1178 714 s

113 744 301 828 intemperie
336 744 436 808 animi
465 747 498 807 et
527 742 758 827 cupiditatibus
786 741 909 808 timidis
937 747 994 808 aut
1020 765 1136 827 parum

112 833 289 920 prosperis,
311 832 368 897 ubi
390 836 536 896 autnon
558 831 690 914 audent,
714 836 871 916 quantum
894 833 1137 916 oonoupisount,

113 925 169 985 sut
205 941 272 986 non
308 923 550 1005 consequuntur
585 923 618 985 et
650 920 684 985 in
721 942 812 1005 spem
844 922 906 986 toti
937 920 1136 1006 prominent:

113 1031 240 1094 semper
269 1009 434 1076 instabiles
462 1008 662 1094 mobilesque
691 1016 779 1091 sunt,
813 1010 899 1093 quod
929 1030 1058 1076 neeesse
1086 1013 1137 1075 est

113 1100 255 1164 aooidere
285 1098 506 1183 pendentibus.
557 1099 598 1163 od
621 1101 699 1164 vota
726 1121 784 1163 sua
812 1098 901 1164 omni
923 1099 976 1164 via
998 1099 1137 1166 tendunt
1154 1117 1179 1158 ιο

114 1192 147 1253 et
173 1188 345 1252 inhonesta
370 1210 403 1253 se
426 1209 465 1253 ao
487 1187 632 1253 difficilia
656 1187 773 1252 donent
795 1191 995 1274 coguntque,
1023 1193 1057 1252 et
1078 1188 1137 1253 ubi

113 1277 186 1342 sine
209 1277 353 1361 praemio
375 1277 468 1341 labor
491 1280 556 1360 est,
581 1280 713 1361 torquet
735 1277 809 1341 illos
832 1277 966 1342 inritum
989 1277 1138 1360 dedecus,

79 1383 174 1432 enee
197 1365 307 1431 dolent
329 1389 429 1450 prava
451 1386 485 1431 se
507 1368 562 1431 sed
582 1366 703 1430 fustra
723 1367 871 1432 voluisse.
909 1370 987 1432 tuno
1010 1367 1084 1433 illos
1104 1370 1138 1431 et

113 1455 310 1539 paenitentia
341 1456 448 1539 eoepti
480 1459 569 1520 tenet
596 1458 628 1519 et
655 1455 831 1539 inoipiendi
858 1455 957 1520 timor
978 1456 1137 1540 subrepit·

114 1565 176 1628 que
206 1543 263 1608 illa
292 1545 392 1609 animi
422 1544 552 1609 iaetatio
582 1566 649 1608 non
678 1544 870 1609 invenientis
894 1544 1031 1628 exitum,
1060 1545 1137 1629 quia
1155 1562 1180 1604 rs

113 1654 173 1698 neo
203 1633 358 1716 imperare
389 1633 618 1716 eupiditetibus
646 1633 712 1698 suis
740 1655 800 1699 neo
828 1633 963 1718 obsequi
990 1638 1137 1719 possunt,

114 1725 148 1787 et
170 1723 332 1787 cunetatio
360 1723 446 1787 vites
469 1745 583 1806 parum
607 1745 641 1787 se
664 1723 853 1807 explioantis
878 1726 911 1789 et
933 1723 1017 1788 inter
1040 1723 1137 1789 desti·

79 1813 185 1876 stuta
210 1814 287 1875 vota
309 1811 466 1895 torpentis
490 1812 589 1876 animi
612 1812 702 1876 situs.
749 1834 831 1897 quae
855 1813 965 1877 omnia
986 1813 1138 1899 graviora

115 1902 202 1983 sunt,
239 1901 295 1965 ubi
332 1901 406 1965 odio
443 1900 640 1966 infelieitatis
674 1922 826 1983 operosae
858 1903 899 1966 ad
931 1902 1034 1966 otium
1066 1923 1137 1987 per·

114 1988 279 2074 fugerunt,
303 1989 344 2053 ad
367 1991 489 2055 seerets
512 1989 631 2072 studia,
654 2011 735 2074 quse
758 1990 826 2074 pati
849 2011 916 2055 non
938 1993 1047 2076 potest
1070 1991 1137 2056 ani·
1155 2008 1183 2050 so

114 2098 185 2142 mus
221 2077 261 2142 ed
292 2077 399 2143 oivilia
428 2081 551 2143 erectus
581 2078 761 2164 agendique
794 2078 929 2164 cupidus
960 2083 993 2145 et
1020 2079 1137 2146 nature

114 2166 253 2251 inquies,
281 2189 394 2251 parum
423 2167 546 2232 soilioet
567 2167 603 2231 in
625 2190 659 2233 se
682 2166 876 2233 solsoiorum
899 2168 1036 2253 habens3
1063 2169 1136 2235 ideo

115 2255 264 2321 detreetis
289 2256 570 2339 oblectationibus,
599 2277 678 2340 quas
702 2258 790 2340 ipsae
818 2258 1045 2341 oeoupationes
1072 2258 1137 2325 dis·

115 2345 316 2410 eurrentibus
330 2345 496 2430 praebent,
515 2345 659 2429 domum,
681 2346 901 2430 solitudinem,
918 2347 1057 2431 parietes
1070 2368 1138 2413 non

63 2450 96 2499 ιο
114 2432 191 2516 fert,
219 2435 340 2498 invitus
373 2434 489 2518 aspicit
518 2454 552 2499 se
582 2435 645 2499 sibi
673 2435 831 2501 relietum.
877 2436 954 2502 bine
983 2435 1066 2500 illud
1087 2438 1138 2502 est
1156 2453 1183 2498 se

114 2522 256 2587 taedium
303 2526 335 2588 et
372 2523 574 2608 displioentia
614 2523 665 2589 sui
702 2527 734 2588 et
771 2544 930 2608 nusquam
966 2525 1136 2591 residentis

204 2733 220 2788 1
239 2732 373 2787 nouanda
391 2749 459 2788 corr.
473 2734 506 2787 io
522 2731 657 2787 nouandis
670 2733 748 2787 ΑΜ
761 2733 861 2788 deindo
873 2734 935 2789 rod.
950 2733 993 2789 Αὅ
1008 2734 1020 2808 11
1037 2734 1055 2790 2
1072 2752 1137 2791 oon·

115 2804 238 2859 stantiae
256 2803 328 2857 uitio
346 2819 447 2872 parum
466 2803 543 2858 leues
562 2804 628 2857 sunt
646 2803 674 2858 A
697 2804 770 2872 quod
791 2811 861 2860 reete
879 2805 1032 2872 defendisse
1050 2808 1137 2862 Mod·

114 2877 219 2946 utpium
236 2875 305 2930 mibi
322 2891 486 2943 persuasum
503 2881 549 2930 eat.
577 2874 627 2941 cfr.
647 2881 673 2929 et
691 2874 727 2928 E.
747 2875 863 2930 Itomae
881 2876 977 2931 Herm.
992 2878 1140 2934 XXVIII

111 2962 141 3015 p.
155 2949 210 3002 285
227 2945 238 3017 b
255 2945 273 3000 t
291 2945 423 3014 inertiae,
440 2947 470 3000 et
484 2946 582 3000 vivunt
596 2947 692 3000 Haase
710 2945 831 3001 inertiae
845 2946 868 3000 dt
881 2947 983 3002 uiuunt
996 2948 1039 3004 A¹
1052 2949 1100 3004 sod
1114 2949 1137 3003 dt

115 3017 213 3071 delevit
225 3023 251 3072 et
263 3016 366 3071 uiuant
378 3019 411 3071 in
423 3017 524 3071 uiuent
537 3033 605 3071 corr.
616 3016 659 3070 A‘
671 3016 931 3088 inertiaeslfuiuunt
940 3019 983 3073 A⁶
995 3019 1006 3091 11
1019 3018 1056 3074 lo
1068 3036 1136 3088 pen-

18 3118 24 3145 »
116 3087 227 3153 dentib;
242 3087 280 3141 ad
293 3089 363 3142 uota
377 3103 428 3141 sus
442 3088 518 3141 omni
532 3088 581 3140 uia
597 3087 724 3154 pendunt
737 3090 765 3142 A
779 3104 848 3143 corr.
864 3096 890 3144 et
903 3091 1001 3158 interp.
1013 3091 1115 3160 Haupt
1127 3090 1138 3163 ΙΙ

115 3158 151 3213 12
169 3159 285 3213 inritum
305 3159 334 3214 A
358 3158 438 3212 inriti
461 3159 528 3227 (soil.
550 3157 665 3224 laboris)
688 3160 894 3225 fnestro'Kocb
917 3161 927 3231 11
952 3160 988 3215 13
1010 3173 1138 3229 prauae

114 3243 206 3357 puarua
220 3232 247 3285 A
268 3231 271 3302 1
292 3230 342 3285 sed
361 3231 425 3285 add.
441 3231 537 3285 Hooee
554 3229 565 3302 ΙΙ
582 3228 618 3284 16
632 3227 743 3298 obseqll
755 3232 783 3285 A
802 3232 880 3300 (eros.
894 3232 950 3286 oid.
966 3232 1013 3358 DN
1025 3231 1060 3287 19
1074 3248 1137 3302 per-

146 3305 255 3373 gerunt.
289 3302 327 3355 ad
346 3303 374 3358 A
399 3320 431 3372 p-
450 3317 484 3355 ao
505 3300 586 3357 Gerts
612 3319 645 3370 p·
664 3303 693 3355 et
716 3301 753 3357 ed
777 3302 846 3373 oolq.
874 3303 885 3375 11
913 3303 948 3358 21
975 3320 993 3358 a
1038 3303 1138 3359 ciuilia

116 3378 224 3431 erectus
238 3386 256 3429 s
274 3373 392 3428 adeiuili
406 3373 543 3445 directus
556 3373 598 3428 A¹
617 3372 864 3446 sdoiuiliatreetus
878 3375 920 3430 A⁶
943 3375 954 3448 ΙΙ
971 3375 1007 3430 22
1025 3376 1137 3446 inquies

131 3447 156 3464 ¹¹
175 3446 317 3571 ‘rquiiletus
336 3461 405 3501 sorr.
424 3462 459 3500 m.
478 3446 619 3513 recentior,
637 3451 669 3499 ut
686 3453 725 3501 est
742 3447 809 3501 ios
832 3446 843 3517 ΙΙ
866 3445 903 3501 25
925 3445 1027 3502 reliotsr
1045 3448 1074 3504 A
1094 3463 1137 3503 re·
