2438 3846
197 161 248 218 AD
267 160 459 219 POLYBIVM
477 163 528 218 Da
547 161 827 220 CONSOLATIONE
847 163 923 252 041³.
939 171 982 220 14.
998 172 1031 221 15
1073 169 1138 235 331

105 308 193 395 *fat03
225 311 259 376 et
291 330 388 395 quam
420 309 595 394 impatiens
627 308 707 376 iuris
740 309 835 396 aequi
862 310 966 396 pietas
994 309 1141 378 Africani

109 397 221 485 fuerit,
248 400 374 466 cunctis
405 400 570 484 apparuit:
598 400 712 466 eodem
736 400 822 465 enim
845 400 897 467 die
921 398 1031 487 Scipio
1055 400 1140 467 Afri·

110 509 224 574 canus,
242 509 307 574 quo
326 489 460 555 viatoris
479 489 628 555 manibus
647 489 780 556 fratrem
800 490 992 575 abstulerat,
1009 491 1139 558 tribuno

110 598 240 664 quoque
263 578 369 664 plebis
392 578 540 664 privatus
562 577 754 647 intercessit.
799 583 867 645 tam
892 602 1011 667 magno
1030 585 1140 647 tamen

78 667 244 733 estunam
267 667 462 733 desideravit
483 667 539 734 hic
558 667 681 754 animo,
704 690 801 753 qnam
821 669 1014 735 defenderat.
1062 670 1176 756 quido

109 755 246 823 referam
264 754 485 822 Aemilianum
505 754 707 843 Scipionem,
730 758 787 842 qui
809 781 875 824 uno
894 781 997 844 paene
1016 759 1140 826 eodem·

110 866 173 932 que
203 849 350 932 tempore
380 846 541 932 spectavit
569 847 671 931 patris
702 847 906 933 triumphum
937 849 1140 935 duorumque

109 935 247 1001 hamum
264 935 402 1002 funera?
438 936 701 1003 adulescentulus
719 942 830 1003 tamen
848 959 887 1004 ac
904 938 1141 1024 propemodum

109 1046 192 1111 puer
212 1028 305 1091 tanto
325 1027 434 1092 animo
452 1026 532 1092 tulit
551 1027 642 1092 illam
660 1027 804 1094 familiae
822 1050 898 1094 suae
917 1050 1015 1112 snper
1033 1028 1141 1113 ipsum

63 1134 92 1178 ιο
109 1113 205 1180 Pauli
217 1115 420 1201 triumphum
436 1114 636 1182 concidentis
651 1116 793 1181 subitam
808 1117 1005 1201 vestitatem,
1018 1121 1140 1202 quanto

109 1203 222 1271 debuit
248 1204 332 1271 ferre
359 1205 410 1272 vir
436 1205 472 1270 in
498 1205 563 1271 hoc
589 1208 700 1291 natus,
726 1229 768 1272 ne
795 1207 868 1272 urbi
891 1205 1057 1272 Romanae
1085 1210 1142 1272 aut

109 1290 220 1380 Scipio
244 1294 370 1362 deesset
393 1298 451 1360 aut
474 1292 637 1382 Carthago
661 1300 852 1381 superesset.

198 1382 270 1450 XV.
308 1383 393 1470 [34]
422 1383 508 1463 Quid
535 1384 673 1451 referam
697 1385 836 1451 duorum
859 1384 1071 1452 Lucullorum
1095 1385 1175 1452 di-1

63 1578 90 1622 a
107 1477 269 1629 itii?
291 1477 401 1630 itt
423 1473 664 1630 {titltti
686 1473 986 1630 ἓέῗᾶεοῖἓέῖἰθῑῗῖ
1002 1475 1140 1630 stit

108 1651 246 1736 demque
269 1584 496 1720 qconciderent
536 1653 643 1719 ruina:
665 1585 769 1719 qvixit
810 1615 928 1719 Sextis
965 1652 1140 1739 Pompeius

107 1741 251 1827 primurn
280 1743 385 1809 sorori
413 1746 592 1828 superstes,
620 1743 712 1809 cuins
742 1745 848 1809 morte
876 1743 1000 1828 optime
1028 1743 1140 1810 coliae

107 1831 209 1897 nentis
233 1830 400 1899 Romanae
430 1834 520 1918 pacis
550 1831 682 1899 vincula
703 1833 848 1898 resoluta
871 1837 961 1917 sunt,
990 1833 1140 1918 idemque

107 1919 163 1987 hic
185 1921 269 1987 vixit
291 1925 455 2008 superstes
480 1923 605 2008 optimo
628 1922 736 2005 fratri,
760 1943 857 2007 quem
875 1923 1008 1989 fortuna
1024 1922 1060 1988 in
1077 1925 1141 1989 hoc

62 2014 272 2095 mererent,
302 2035 344 2078 ne
371 2011 479 2077 minus
508 2012 573 2078 alte
601 2034 675 2078 eum
704 2012 856 2096 deiceret,
886 2033 984 2096 qnam
1015 2016 1140 2096 patrem

109 2098 281 2186 deiecerat3
304 2106 338 2167 et
359 2104 436 2186 post
457 2101 546 2168 hunc
569 2105 679 2167 tamen
698 2121 809 2167 casum
829 2099 946 2167 Sextus
966 2101 1140 2187 Pompeius
1210 2155 1211 2159 ,

105 2211 177 2280 non
203 2193 331 2256 tantum
355 2192 475 2276 dolori,
502 2191 558 2279 sed
582 2192 680 2257 etiam
703 2190 790 2256 bello
814 2191 949 2256 suffecit.
995 2190 1175 2257 innume-2

108 2279 224 2345 rabilia
256 2281 400 2366 undique
433 2283 582 2365 exempla
614 2284 836 2367 separatorum
868 2284 972 2347 morte
1004 2280 1141 2347 fratrum

109 2374 316 2456 succurrunt,
333 2370 433 2436 immo
453 2375 567 2436 contra
585 2370 640 2436 vix
658 2371 727 2436 ulla
743 2392 900 2455 umquam
917 2370 1036 2437 horum
1050 2372 1142 2456 paria

58 2474 91 2518 se
110 2463 283 2544 conspecta
306 2464 472 2526 suntuna
495 2460 707 2545 senescentia3
735 2461 792 2526 aed
816 2463 988 2526 contentus
1010 2464 1140 2526 nostrae

109 2545 225 2615 domus
263 2549 420 2635 exemplis
457 2572 521 2616 ero.
568 2570 665 2615 nemo
702 2548 789 2615 enim
826 2553 894 2615 tam
933 2571 1046 2635 expers
1079 2548 1141 2615 erit

104 2658 223 2704 sensus
251 2659 289 2704 ac
316 2639 479 2723 sanitatis,
505 2642 544 2705 nt
566 2640 731 2705 fortunam
754 2639 816 2704 ulli
839 2643 993 2725 queratur
1014 2639 1140 2705 luctum

109 2725 272 2812 intulisse,
301 2749 398 2812 quam
426 2729 507 2795 sciet
530 2728 628 2795 etiam
651 2727 824 2795 Caesarum
848 2729 999 2795 lacrimas
1023 2750 1139 2795 concu-

109 2815 204 2900 pisse.
251 2818 345 2884 divus
363 2815 533 2904 Augustus
557 2819 667 2884 amisit
685 2816 854 2884 Octaviam
877 2840 1022 2884 sororem
1046 2819 1176 2885 caris-a

200 2974 217 3030 1
235 2975 389 3044 impatiens
407 2974 478 3030 iuris
497 2976 583 3045 aequi
597 2977 695 3032 Haase
716 2977 786 3030 iuris
807 2976 893 3045 aequi
911 2976 1065 3046 impatiens
1079 2976 1142 3031 DE

108 3045 318 3135 patiensiurie
344 3049 374 3103 et
399 3048 533 3133 nequii}
558 3049 601 3117 (ia
614 3064 710 3134 ‚mm-
731 3064 800 3103 corr.
825 3047 992 3172 impaticneg
1015 3047 1085 3102 iuris
1112 3048 1141 3102 et

110 3132 195 3188 aean
212 3119 327 3186 patiens
341 3119 377 3174 H
389 3117 400 3192 lt
417 3118 545 3188 SScrpro
559 3117 712 3174 Africanus
731 3119 782 3174 det.
799 3120 897 3174 Manet
913 3119 924 3192 il
941 3119 959 3174 ὅ
994 3119 1141 3175 efenderat

109 3189 179 3260 ootq.
208 3189 373 3246 defenderet
394 3191 424 3246 B
452 3191 512 3263 (aad
535 3206 604 3246 corr.
628 3192 661 3246 ia
684 3185 783 3262 marp.)
805 3192 841 3247 H
865 3190 1026 3246 defenderit
1045 3191 1109 3247 DE
1130 3189 1141 3264 ΙΙ
1209 3245 1212 3254 ,

109 3259 146 3315 le
164 3259 355 3334 lueitillorum
374 3261 546 3332 diremptam
563 3263 655 3317 morte
669 3263 697 3317 B
716 3279 786 3318 corr.
800 3280 835 3318 m.
849 3267 869 3318 2
889 3261 900 3336 tl
924 3262 961 3317 15
984 3262 1140 3332 eademque

53 3389 56 3393 ,
115 3332 278 3403 Wesenbarp
296 3333 418 3402 denique
436 3332 463 3390 ‘0
480 3333 490 3406 Η
511 3333 548 3388 16
566 3333 698 3390 Senecam
717 3335 897 3403 amassetis,
915 3340 949 3389 at
965 3335 1091 3403 saepius,
1108 3334 1141 3388 ia

109 3403 227 3459 Morio
250 3419 309 3460 noa
332 3403 408 3475 sapit
426 3405 559 3475 Dipsium
582 3404 592 3478 Η
616 3404 653 3460 2⁰
679 3407 810 3461 erexerat
835 3404 917 3460 Gertz
942 3406 1071 3475 erexerat
1091 3404 1156 3528 Ol*

109 3473 146 3529 al
165 3473 267 3530 Sextus
280 3475 432 3546 Pompeius
451 3477 503 3532 det.
519 3478 616 3533 Mutet
633 3476 643 3549 Η
660 3475 697 3532 28
715 3492 802 3545 quam
819 3476 929 3533 soietG
946 3492 1030 3546 quem
1045 3476 1129 3532 scieri
1153 3491 1155 3498 ·

110 3545 147 3602 H
161 3546 235 3603 coede
254 3563 339 3618 quom
358 3547 455 3604 scierit
475 3548 558 3606 Gesta
595 3588 598 3596 ·

1206 3476 1215 3545 t
