2438 3846
97 155 140 225 38
299 152 331 210 n.
345 153 489 210 susem
507 154 673 212 sursera
692 155 788 212 omn
804 155 872 212 nm.
887 155 921 212 11.

96 300 216 367 factam
239 301 397 367 honorem
419 301 537 367 habeat
560 301 590 367 ei
613 295 671 387 qui
692 302 784 388 fecit3
806 325 935 370 necesse
959 306 1007 370 cst
1031 303 1129 388 enim,

96 411 116 454 a
139 410 204 476 quo
228 391 365 477 quisque
384 392 548 458 contemni
565 393 701 457 moleste
719 393 817 476 ferat,
839 393 961 477 suspici
979 392 1126 479 gaudeat.

62 514 74 563 1
186 495 273 564 XIV.
297 497 402 565 Tanta
425 499 583 583 quosdam
602 499 763 566 dementia
782 503 882 585 tenet,
906 504 944 565 ut
967 499 1029 566 sibi
1052 522 1127 566 con·

95 587 263 653 tumeliam
295 587 368 654 fieri
398 592 515 673 putent
546 610 642 673 posse
674 611 693 654 a
724 589 867 654 muliere.
919 590 997 674 quid
1029 589 1128 655 refert

96 696 194 762 quam
221 677 375 762 habeant,
402 682 483 762 quot
508 676 690 744 lecticarios
712 678 898 764 habentem,
926 700 1024 764 quam
1052 701 1127 745 one-
1161 700 1173 739 a

94 768 181 832 ratae
214 788 319 851 aures,
352 789 450 852 qnam
481 768 590 832 laxam
622 768 758 834 sellam?
812 789 913 852 aequa
949 767 1126 852 inprudens

95 855 216 921 animal
244 860 293 922 est
315 858 362 941 et,
388 858 453 922 nisi
476 857 611 923 scientia
633 858 768 924 accessit
791 879 829 923 ac
851 858 955 922 multa
977 857 1127 942 eruditio,

94 944 214 1029 ferum,
237 945 465 1030 cupiditatium
488 947 701 1012 incontinens.
734 946 867 1031 quidam
888 968 922 1013 se
936 969 955 1012 a
968 947 1126 1013 cinerario

94 1034 1128 1210 illitatiidlllslllllsslttlbibliis
1147 1148 1173 1187 ω

328 1174 339 1209 7
893 1174 903 1210 Ι

94 1214 313 1298 supercilium.
359 1237 379 1281 o
404 1218 544 1300 quantus
571 1215 656 1282 risus
684 1215 768 1280 inter
797 1215 860 1281 ista
881 1215 1045 1288 tollendus
1069 1220 1129 1300 est,

95 1307 217 1386 quanta
238 1305 407 1389 voluptate
429 1305 614 1390 implendus
637 1306 768 1384 animus,
780 1327 820 1370 ex
838 1306 1019 1371 alienorum
1042 1327 1128 1370 erro-

59 1410 168 1460 2rum
190 1394 336 1460 tumultu
359 1394 594 1480 contemplanti
617 1392 759 1480 quietem
780 1396 886 1460 suam!
919 1394 1008 1479 ‘quid
1027 1393 1128 1481 ergo?

94 1482 223 1566 sapiens
245 1505 314 1551 non
341 1484 471 1549 accedet
498 1485 539 1549 ad
566 1485 668 1568 fores,
695 1505 776 1569 quas
804 1484 903 1549 durus
927 1483 1047 1548 ianitor
1070 1505 1127 1568 op-

94 1571 210 1638 sidet?'
256 1570 312 1638 ille
334 1594 426 1657 vero,
449 1574 478 1640 si
500 1597 551 1641 res
574 1573 754 1640 necessaria
776 1572 920 1656 vocabit,
944 1572 1128 1657 experietur
1146 1593 1172 1634 ιε

94 1665 127 1726 et
149 1662 257 1745 illum,
281 1662 428 1747 quisquis
452 1663 525 1746 erit,
548 1665 704 1746 tanquam
728 1651 840 1728 canem
860 1667 970 1732 acrem
999 1661 1127 1727 obiecto

94 1750 167 1815 cibo
199 1751 299 1816 leniet
336 1773 397 1818 nec
433 1751 656 1838 indignabitur
692 1751 817 1836 aliquid
853 1751 1053 1836 impendere,
1090 1754 1129 1816 ut

92 1840 194 1905 limen
216 1843 372 1926 hanseat,
395 1842 542 1928 cogitans
566 1845 599 1905 et
621 1842 656 1905 in
679 1842 833 1925 pontibus
853 1840 1046 1924 quibusdam
1066 1863 1127 1925 pro

93 1930 233 1996 transitu
265 1929 344 1996 dari.
389 1930 499 2015 itaque
531 1931 581 1995 illi
611 1951 755 2015 quoque,
787 1929 934 2014 quisquis
962 1929 1038 2014 erit,
1070 1931 1128 2013 qni

93 2018 157 2085 hoc
181 2020 413 2087 salutationum
436 2021 605 2106 publicum
629 2023 788 2102 exerceat,
811 2019 958 2085 donabit:
982 2019 1044 2085 scit
1062 2021 1128 2084 emi
1146 2040 1173 2080 ao

94 2130 166 2176 aere
188 2110 322 2174 venalia.
369 2110 425 2174 ille
457 2109 570 2194 pusilli
602 2106 702 2173 animi
735 2111 797 2194 est,
830 2109 886 2194 qui
918 2109 981 2175 sibi
1010 2107 1128 2195 placet,

94 2197 183 2282 quod
206 2199 339 2265 ostiario
361 2199 462 2264 libare
480 2197 661 2282 respondit,
685 2199 773 2283 quod
786 2199 912 2284 virgam
931 2198 1000 2263 eius
1019 2199 1128 2286 fregit,

94 2287 183 2372 quod
214 2287 255 2354 ad
282 2287 451 2354 dominum
482 2287 617 2354 accessit
644 2291 677 2353 et
704 2290 787 2373 petit
809 2288 943 2353 corium.
989 2288 1069 2354 facit
1092 2311 1127 2354 se

59 2378 313 2445 cadversarium
337 2378 394 2463 qui
416 2378 598 2464 contendit,
621 2382 653 2443 et
674 2382 712 2443 ut
734 2379 857 2460 vincat,
879 2400 939 2462 par
961 2378 1032 2443 fuit.
1080 2376 1128 2442 ‘at

93 2467 715 2640 {tlh“illibabilis-til
733 2464 1126 2623 ffaiiiiaqiilili
1145 2488 1171 2528 ⁹⁵

93 2647 180 2712 cavit
202 2645 366 2729 iniuriam,
388 2667 430 2711 ne
452 2644 578 2711 remisit
598 2645 744 2731 quidem,
766 2645 823 2713 sed
840 2607 960 2713 lectiam
979 2647 1126 2732 negavit3

184 2822 200 2876 1
220 2826 394 2879 necesseseat
407 2822 436 2877 A
453 2820 463 2895 ll
480 2820 498 2876 2
517 2821 622 2890 suspici
635 2820 678 2877 A⁸
694 2820 741 2895 llll
758 2823 832 2879 irater
849 2838 935 2892 quam
954 2829 981 2878 at
997 2821 1125 2879 habeant

94 2895 231 2963 epitheton
255 2896 382 2964 pcneralc
407 2894 578 2949 intercidisse
603 2900 636 2948 ut
658 2892 789 2961 divitem,
813 2893 951 2960 nobilem,
971 2893 1124 2950 formosam

89 2970 176 3035 putat
190 2965 314 3020 Karsten
339 2965 342 3037 l
369 2968 439 3034 quot
461 2966 530 3036 oclp.
551 2964 626 3034 quod
642 2967 670 3020 A
688 2965 698 3038 ll
722 2966 741 3020 6
758 2981 831 3039 eque
845 2967 873 3021 A
895 2965 906 3038 ll
930 2966 988 3021 bct
1001 2967 1038 3021 10
1056 2967 1125 3021 osti-

95 3035 342 3090 ari-cubiculari
360 3052 428 3093 corr.
444 3039 477 3092 in
495 3036 543 3092 -rii
557 3035 600 3092 A'
617 3035 627 3108 ll
647 3037 682 3091 11
702 3038 775 3092 risus
793 3038 869 3091 inter
885 3037 943 3092 ista
962 3039 1034 3093 risus
1053 3036 1124 3094 tole-

93 3107 201 3163 randus
211 3109 239 3163 A
253 3107 329 3163 inter
341 3107 399 3162 ieta
413 3108 486 3163 risus
500 3106 643 3164 tollendus
658 3121 683 3176 ς,
697 3126 745 3180 cqc
759 3108 876 3164 ulterram
890 3110 964 3164 risus
978 3128 999 3164 c.
1011 3109 1125 3166 Gertzio

94 3181 183 3236 delere
208 3181 297 3236 maloi
323 3178 334 3253 ll
360 3177 397 3234 14
419 3196 491 3249 quas
514 3197 584 3237 corr.
605 3197 640 3236 ca
663 3185 720 3250 qua
742 3181 807 3248 fort.
829 3180 872 3236 A¹
899 3181 902 3255 l
931 3180 1041 3237 obsidet
1056 3181 1099 3236 A·
1116 3183 1125 3253 ll

94 3250 131 3306 20
150 3251 204 3306 scit
222 3252 279 3307 emi
298 3267 362 3307 aere
385 3269 409 3306 v.
432 3254 533 3322 scripsi
551 3252 754 3308 Bacbrcnsiam
776 3260 885 3308 secabis
908 3254 957 3323 qai
979 3254 1011 3307 in
1029 3269 1124 3309 comm.

97 3323 197 3378 eacan.
214 3328 281 3378 115.-
299 3324 354 3379 scis
372 3321 429 3377 emi
444 3339 508 3379 aare
524 3342 550 3379 v.
565 3325 634 3379 coni.
651 3325 706 3379 seit
720 3339 812 3379 emere
826 3341 853 3379 u.
865 3327 893 3381 A
907 3326 917 3397 Η
935 3323 971 3378 23
984 3324 1060 3394 petjt
1074 3326 1103 3381 A
1118 3326 1122 3397 l

95 3393 167 3448 facit
186 3394 236 3464 qui
254 3395 401 3451 contendit
414 3394 457 3450 A¹
475 3393 546 3450 facit
565 3411 595 3449 ee
614 3395 807 3451 adversarium
822 3395 864 3451 Α8
881 3399 913 3451 ia
930 3414 1017 3468 marp.
1033 3396 1126 3501 addp

64 3462 275 3584 ,ffiscpfflpho
295 3467 324 3522 A
355 3469 384 3538 (o
409 3483 444 3522 cx
468 3483 488 3521 u
513 3484 582 3524 corr.
604 3468 671 3538 old.)
699 3467 737 3520 ,ig
761 3467 831 3538 vol„
859 3467 870 3540 p
900 3466 937 3522 2ss
961 3466 1006 3522 iffi
1031 3485 1062 3524 03
1083 3469 1112 3524 A
