2438 3846
124 178 190 246 218
314 179 345 234 L.
359 178 504 234 ANNAEI
521 178 688 235 SENECAE
706 178 803 247 DIAL.
817 177 885 232 hlB.
899 176 961 233 VII.

125 321 246 406 parebo
264 323 372 388 animo
391 323 528 389 fulciens
548 346 673 409 corpus.
707 346 768 411 ego
783 313 913 389 divitias
928 327 961 388 et
973 323 1153 407 praesentis

125 414 158 475 et
185 411 326 477 absentis
353 433 454 498 aeque
482 416 699 498 oontmnam,
726 434 787 479 nec
813 413 843 479 si
870 411 970 477 aliubi
992 412 1154 495 iacebunt,

125 499 263 586 tristior,
292 523 352 568 nec
382 502 410 567 si
440 501 526 568 circa
554 524 606 568 me
635 501 823 589 fulgebunt,
853 501 1039 568 animosior.
1092 523 1153 588 ego

126 589 291 655 fortunam
313 613 374 657 nec
396 592 577 657 venientem
601 593 739 657 sentiam
761 612 822 657 nec
843 591 1053 657 recedentem.
1092 612 1153 678 ego

126 681 227 745 terras
258 680 363 746 omnis
392 684 558 764 tamquam
587 703 674 767 meas
704 679 835 764 videbo,
867 701 955 746 meas
984 683 1154 764 tamquam
1185 696 1196 739 s

128 768 306 922 omtnurssum.t
328 769 469 923 egotursgc
500 770 607 835 vivam
639 769 734 923 lquasi
766 769 866 871 sciam
898 768 978 923 amb
1003 789 1074 834 esse
1102 791 1156 834 me

126 879 169 922 na
273 880 289 922 e
336 881 379 923 na
453 881 470 924 e
500 880 608 924 rerum
663 879 703 924 oc
734 879 864 923 nomme
980 877 1015 923 as
1107 880 1155 923 m:

128 967 192 1030 quo
216 947 302 1012 enim
326 948 441 1013 melius
464 970 580 1035 genere
597 947 766 1034 negotium
785 879 1007 1034 munigno
1025 879 1156 1030 pbgtdit?

93 1052 229 1101 sunum
251 1058 304 1101 me
327 1035 460 1101 donavit
482 1037 644 1121 omnibus,
667 1036 726 1102 nni
748 1036 829 1102 mihi
848 1037 962 1103 omnis.
1000 1035 1157 1122 quicquid

52 1133 56 1139 '
127 1125 268 1208 habebo,
299 1147 360 1191 nec
386 1125 514 1192 sord-ide
541 1125 721 1193 custodiam
748 1147 809 1192 nec
836 1125 972 1213 prodige
995 1147 1157 1212 spargam.
1176 1145 1201 1188 ιο

127 1213 212 1279 nihil
240 1214 344 1301 magis
374 1215 538 1299 possidere
568 1236 619 1279 me
649 1214 778 1280 credam
801 1214 1004 1300 quambene
1028 1213 1156 1280 donata.

128 1325 195 1368 non
222 1326 356 1369 numero
383 1325 443 1370 nec
473 1304 614 1389 pondere
636 1303 793 1370 beneficia
814 1325 875 1370 nec
897 1304 966 1369 ulla
988 1301 1053 1369 nisi
1075 1303 1158 1369 acci-

129 1391 248 1478 pientis
285 1393 508 1459 aestimatione
544 1393 756 1478 perpendam3
794 1413 973 1478 numquam
1009 1392 1043 1457 id
1073 1392 1159 1458 mihi

130 1483 269 1548 multum
302 1482 375 1567 erit,
408 1483 495 1566 quod
528 1482 645 1569 dignus
679 1481 822 1568 accipiet.
877 1481 961 1548 nihil
994 1481 1158 1567 opinionis

131 1593 241 1656 censa,
260 1571 383 1637 'omnia
415 1570 629 1639 conscientiae
658 1571 784 1638 faciam.
837 1572 961 1657 populo
993 1573 1161 1656 spectante
1180 1587 1205 1630 rr

96 1661 202 1726 oderi
224 1661 352 1727 credam
375 1660 528 1746 quicquid
551 1682 603 1726 me
626 1660 756 1727 conscio
779 1660 906 1727 faciam.
943 1659 1057 1725 edendi
1077 1659 1161 1726 mihi

131 1749 193 1815 erit
213 1750 408 1834 bibendique
431 1750 506 1815 finis
529 1749 686 1816 desideria
703 1753 837 1815 naturae
855 1749 1069 1836 restinguere,
1092 1771 1162 1815 non

131 1839 254 1925 inplere
277 1840 385 1905 alvom
408 1842 441 1905 et
463 1838 635 1904 exinanire.
682 1861 737 1905 ero
761 1838 873 1906 amicis
896 1838 1071 1922 iucundus,
1100 1838 1161 1904 ini·

132 1930 224 1996 micis
257 1929 345 1994 mitis
378 1932 410 1994 et
437 1928 550 1995 facilis.
597 1928 769 2013 exorabor,
792 1931 966 2014 antequam
993 1949 1103 2014 roger,
1128 1932 1162 1993 et

131 2018 276 2084 honestis
289 2017 438 2104 precibus
453 2039 626 2085 occurram.
654 2017 793 2101 petriam
807 2039 911 2083 meam
925 2039 994 2084 esse
1003 2017 1163 2082 mundum
1181 2035 1209 2076 ro

133 2109 234 2175 sciam
266 2111 298 2173 et
330 2107 491 2192 praesides
524 2107 614 2192 deos,
646 2106 708 2173 hos
736 2129 834 2190 supra
863 2129 915 2172 me
938 2107 1087 2190 circaque
1110 2127 1163 2171 me

134 2201 219 2264 stare
245 2198 406 2263 factorum
436 2198 661 2281 dictorumque
684 2216 841 2262 censores.
888 2195 1083 2280 quandoque
1106 2198 1165 2260 aut

133 2291 250 2353 natura
272 2286 423 2372 spiritum
445 2289 570 2372 repetet
593 2288 649 2351 aut
671 2284 755 2349 ratio
777 2284 931 2369 dimittet,
951 2287 1091 2350 testatus
1110 2306 1164 2349 ex·

134 2376 188 2442 ibo
229 2376 348 2442 bonam
389 2398 441 2441 me
478 2373 709 2443 conscientiam
746 2394 883 2458 amasse,
923 2373 1010 2439 bona
1046 2372 1166 2457 studia,

134 2466 256 2532 nullius
274 2487 332 2550 per
345 2487 397 2530 me
410 2466 593 2532 libertatem
607 2462 818 2548 deminutam,
836 2463 970 2528 minime
984 2461 1105 2528 meam'
1119 2499 1165 2510 —
1183 2480 1209 2522 ss

136 2555 193 2641 qui
219 2556 300 2621 haec
326 2554 430 2620 fecere
461 2556 636 2640 proponet,
666 2552 769 2636 volet,
798 2552 984 2637 temptabit,
1014 2551 1055 2616 ad
1086 2551 1164 2619 deos

137 2646 198 2710 iter
220 2644 330 2729 faciet,
352 2665 393 2709 ne
416 2643 485 2728 ille,
510 2642 607 2708 etiam
630 2639 658 2705 si
680 2661 748 2705 non
770 2641 919 2725 tenuerit,

419 2783 532 2853 magnis
550 2784 648 2836 tamen
666 2779 773 2835 excidit
790 2780 876 2835 ansis.

228 2997 264 3054 28
285 2997 366 3054 Ouidi
384 3003 491 3052 metam.
506 2995 546 3050 11
560 2997 615 3051 328

229 3122 247 3177 2
266 3120 397 3181 absentes
413 3121 439 3174 A
461 3119 465 3190 l
486 3117 577 3173 aliubi
595 3117 673 3174 codd.
688 3118 823 3173 Piamouei
841 3114 948 3171 alicubi
962 3118 989 3170 A
1008 3115 1060 3170 alii
1078 3115 1166 3170 habe-

139 3193 212 3248 bunt
230 3195 346 3250 Wolters
363 3191 374 3264 ll
390 3190 409 3246 8
428 3189 588 3245 animosior.
617 3189 678 3260 Ego
694 3189 728 3247 ic.
739 3204 826 3259 morp.
841 3186 1087 3243 Ercsm.¹animo.
1116 3203 1167 3242 cur

140 3283 193 3338 ego
209 3269 236 3320 A
258 3265 269 3338 ll
292 3264 311 3320 e
330 3261 490 3318 dominauit
503 3260 544 3316 Αι
562 3277 631 3318 corr.
646 3277 667 3317 s.
681 3277 707 3316 o.
721 3261 754 3314 in
772 3258 892 3314 donauit
904 3257 947 3314 A⁰
965 3257 976 3331 ll
998 3257 1035 3313 10
1052 3257 1167 3314 habebo

140 3343 166 3394 A
181 3339 307 3408 (alteram
320 3333 339 3390 b
353 3352 375 3391 s.
384 3351 410 3392 c.
421 3334 486 3390 add.
501 3334 565 3401 sort.
580 3333 633 3404 Μ)
642 3333 659 3460 1
690 3331 804 3403 rediges
818 3346 934 3401 parcam
945 3329 986 3386 „4¹
999 3346 1068 3386 corr.
1079 3349 1114 3386 m.
1125 3334 1144 3385 2
1157 3331 1168 3404 ll

141 3410 177 3465 18
196 3425 271 3464 nunc
290 3424 376 3479 quarn
395 3406 436 3462 A¹
453 3423 522 3463 corr.
542 3403 583 3462 Λο
607 3405 618 3479 ll
702 3402 873 3475 spectanteJJ
892 3404 973 3473 (erae.
988 3404 1052 3471 sort.
1067 3404 1092 3471 s)
1112 3405 1140 3479 Α
1158 3412 1169 3466 ιι

134 3481 176 3535 18
187 3481 283 3536 alnon
293 3480 335 3537 Α1
348 3477 446 3535 aluum
455 3479 496 3534 Αὕ
512 3477 515 3551 l
537 3493 584 3533 ero
599 3478 705 3533 aminea
717 3475 832 3533 Gruteri
845 3490 898 3546 ego
908 3480 934 3530 A
947 3473 958 3546 ΙΙ
970 3473 1007 3530 28
1021 3473 1128 3529 excidit
1142 3479 1168 3529 A

128 3556 153 3596 'r
170 3552 265 3606 aaa
276 3552 357 3609 codd.
379 3550 528 3609 ercidets·
