2438 3846
21 198 24 203 ,
112 134 179 205 334
309 134 339 189 L.
353 133 497 189 ANNAEI
514 131 680 188 SENECAE
699 132 794 189 DIAL.
809 132 877 188 LIB.
890 131 939 188 XI.

112 281 226 346 funere
257 280 386 364 ducere,
418 301 458 344 ex
490 278 608 363 quibus
640 281 709 344 eret
741 279 817 344 deos
846 278 995 364 pediturn
1040 294 1137 345 nemo

113 370 222 454 itaque
249 369 385 435 miretur
411 367 535 453 aliquid
562 366 602 434 ab
630 367 688 433 ille
714 371 771 433 eui
794 366 966 434 crudeliter
988 366 1059 432 fieri
1081 372 1139 435 eui

112 458 236 543 inique3
254 460 363 544 potest
381 457 468 523 enim
485 456 565 523 hoec
584 455 736 523 adversus
750 456 893 542 privates
908 456 1021 524 domos
1035 457 1138 524 ullern

113 547 308 632 nequitateffl
330 567 426 614 nosse
449 549 506 611 eut
528 547 629 612 ullem
647 545 854 631 modestiam,
875 546 967 612 cuius
984 545 1144 632 implesse·-

77 636 188 704 obilis
217 635 351 702 saevitia
377 634 496 701 totiens
520 635 592 720 ipso
613 635 791 701 funestavit
812 633 1016 721 pulvinario?
1060 634 1139 702 loci·
1170 655 1183 698 s

114 746 205 791 emus
231 726 310 791 licet
336 724 386 790 illi
414 725 596 790 convicium
622 746 690 789 non
705 728 828 793 'nostro
851 727 979 789 lonium
1003 745 1058 790 ore
1082 724 1139 792 sed

114 814 210 880 eliam
237 813 382 899 publico,
409 817 613 879 nontamen
635 812 828 898 mutabitur3
855 812 1008 879 adversus
1032 813 1139 880 omnis

37 911 39 915 ’
114 924 147 969 se
176 923 287 989 preces
318 902 487 987 omnisque
517 901 733 987 querimonias
762 900 877 988 exiget.
922 902 986 968 hoc
1012 900 1077 970 fuit
1104 902 1140 968 in

113 994 208 1059 rebus
237 992 388 1057 humenis
418 992 564 1076 fortune,
593 991 657 1058 hoc
686 991 760 1057 orii:
789 991 873 1057 nihil
899 990 1049 1057 inausum
1071 991 1140 1058 'sibi

113 1081 259 1166 reliquit,
289 1077 373 1146 nihil
399 1080 558 1146 intectum
585 1081 761 1165 relinqnei3
792 1080 854 1145 ibit
880 1080 1054 1147 violentior
1081 1103 1140 1167 per
1158 1101 1184 1143 ro

115 1171 236 1254 omnia,
259 1169 344 1237 sicut
362 1169 459 1235 solite
477 1173 526 1236 esi
544 1190 684 1256 semper,
707 1191 761 1235 ees
780 1190 910 1254 quoque
929 1169 1042 1236 domos
1061 1191 1140 1237 ause

114 1259 250 1325 iniuriae
278 1280 375 1325 cause
401 1258 535 1343 intrare,
562 1260 598 1324 in
626 1280 705 1345 quas
733 1280 791 1343 per
814 1259 936 1344 temple
958 1258 1078 1343 editur,
1107 1262 1141 1325 et

78 1364 95 1414 o
114 1351 217 1415 otram
234 1347 385 1415 laurentis
404 1347 529 1414 foribus
547 1347 660 1414 induet
678 1351 808 1414 vestem.
854 1346 937 1433 [36]
955 1348 1020 1414 hoc
1037 1371 1140 1414 unum

115 1439 317 1523 opiineemus
345 1437 386 1502 eb
409 1437 466 1502 illa
488 1438 573 1502 votis
597 1459 635 1503 ac
657 1437 807 1523 precibus
830 1436 986 1522 publicis,
1009 1436 1038 1503 si
1059 1458 1140 1504 non·

115 1527 192 1593 dum
222 1527 272 1591 illi
300 1547 401 1611 genus
428 1526 608 1592 humanum
635 1526 760 1612 placuil
786 1545 989 1611 consumere,
1020 1528 1048 1593 si
1075 1525 1140 1593 Ro-
1159 1548 1185 1590 rs

115 1614 372 1682 mannnnndhuc
388 1637 507 1681 nomen
526 1616 668 1701 propitio
685 1616 832 1700 respicii:
853 1616 942 1682 hunc
960 1614 1141 1701 principem

114 1704 214 1790 lapsis
232 1704 402 1770 hominum
421 1704 518 1770 rebus
533 1705 652 1788 datum,
671 1705 757 1770 sicul
773 1704 923 1770 omnibus
938 1705 1140 1791 monialibus,

115 1793 177 1860 sibi
209 1814 278 1860 esse
311 1795 471 1860 secreium
503 1794 596 1859 veliti
641 1793 745 1859 discet
773 1794 814 1859 eb
846 1794 903 1859 illo
935 1795 1140 1861 clementiam

115 1883 236 1968 fietque
259 1882 431 1948 mitissimo
456 1884 602 1948 omnium
624 1882 810 1968 principum
833 1883 936 1949 mitis!

80 2024 95 2073 1
203 2006 307 2074 XVII.
350 2007 456 2074 Debes
497 2009 607 2091 itaque
644 2030 698 2073 eos
735 2007 855 2073 intueri
891 2029 1027 2093 omnes,
1058 2029 1141 2093 qnos
1159 2032 1187 2074 so

116 2099 214 2180 paulo
245 2100 318 2162 onie
347 2098 473 2179 rettuli,
503 2101 560 2162 eui
590 2097 729 2163 adscitos
760 2099 849 2163 caelo
880 2101 937 2163 aut
964 2099 1140 2183 proximos,

117 2189 149 2250 ei
176 2184 259 2251 ferre
290 2207 393 2270 aequo
422 2186 531 2252 animo
561 2187 726 2252 fortunam
756 2186 797 2252 ed
826 2190 859 2252 te
887 2208 1016 2271 quoque
1038 2187 1141 2273 porri-

115 2279 244 2362 gentem
268 2297 396 2360 monus,
421 2297 500 2361 quas
524 2299 564 2340 ne
587 2276 627 2341 eb
647 2275 693 2342 eis
712 2276 858 2360 quidem,
879 2298 938 2360 per
957 2297 1038 2360 quos
1057 2277 1140 2342 iura-

115 2384 203 2449 mus,
225 2364 378 2449 obstinei3
402 2364 497 2431 debes
520 2365 652 2430 illorum
671 2365 793 2431 imitari
811 2366 998 2432 firmitatem
1016 2364 1052 2430 in
1069 2388 1140 2452 per-

114 2452 253 2520 ferendis
289 2456 322 2519 et
353 2454 536 2520 evincendis
569 2455 747 2540 doloribus,
783 2454 819 2519 in
853 2458 1009 2539 quonium
1042 2454 1139 2521 modo
1159 2478 1186 2521 ss

205 2720 223 2775 6
245 2719 315 2775 licet
336 2720 381 2775 illi
404 2722 559 2776 conuitium
581 2722 609 2777 B
634 2720 678 2775 illi
700 2721 768 2775 licet
791 2720 920 2775 conuicio
939 2721 995 2777 GV
1013 2719 1024 2794 ll
1050 2720 1065 2778 7
1089 2720 1139 2775 ed-

115 2793 210 2846 uerset
223 2791 315 2847 BHG
334 2792 344 2863 ll
361 2791 490 2861 Spreces
504 2794 533 2848 B
551 2808 688 2862 praeceps
697 2790 825 2847 EHGV
834 2791 965 2862 princeps
979 2793 1010 2847 D
1046 2792 1139 2861 queri-

117 2863 225 2917 monias
239 2864 396 2920 Pincianus
409 2863 576 2919 cerimonias
594 2865 616 2920 O
632 2864 635 2935 l
652 2863 747 2934 exiget
763 2863 872 2934 Oqeod
884 2863 1004 2934 Madoip
1049 2864 1140 2932 feodit

116 2935 207 3004 eriget
224 2935 293 3005 oolp.
318 2933 322 3006 l
353 2935 389 2991 10
406 2935 558 2991 uiolentior
579 2936 601 2991 O
621 2936 699 3005 (dial.
714 2935 747 2989 X
763 2939 819 3003 9,1
837 2934 914 2991 etde
932 2935 988 2991 adi.
1005 2951 1058 3004 pro
1076 2936 1138 2992 ado.

111 3008 203 3076 posito
229 3007 285 3062 θέο.
347 3014 383 3062 ot.
405 3011 441 3064 67
463 3014 489 3063 et
511 3011 565 3064 187
587 3007 693 3074 confert
714 3007 828 3078 Siouph
850 3006 924 3062 addo
943 3023 987 3076 qu.
1006 3013 1065 3063 cot.
1082 3009 1142 3064 VII

116 3080 161 3144 29,
174 3081 202 3147 3)
220 3077 357 3133 violentes
377 3078 459 3136 Gertz
481 3077 491 3152 Η
515 3077 549 3133 11
573 3094 696 3148 semper,
715 3080 745 3134 et
762 3093 811 3134 ees
829 3095 941 3147 quoque
960 3078 1058 3134 domos
1078 3122 1083 3134 .
1105 3121 1111 3134 .
1131 3121 1137 3134 .

117 3148 225 3215 oditur,
244 3151 337 3204 eirem
357 3190 407 3207 ...
426 3151 540 3206 seston.
561 3152 632 3206 coci.
651 3150 746 3219 Gertz,
764 3158 790 3206 ct
808 3149 945 3206 Gruterus
961 3152 1019 3206 iam
1037 3153 1138 3222 copita-

116 3227 204 3286 veae
218 3220 250 3275 dc
274 3221 363 3277 verbio
387 3223 416 3276 et
441 3223 533 3276 strom
555 3262 561 3274 .
583 3263 589 3278 .
609 3264 616 3278 .
634 3223 741 3279 vestem
765 3221 979 3291 ncoeporwcdie
1001 3227 1064 3277 arcte
1090 3237 1138 3277 ess

117 3308 229 3416 puoque
255 3291 351 3347 domos
376 3290 386 3365 Η
410 3291 446 3348 le
468 3292 585 3348 induere
608 3293 678 3348 coni.
700 3294 797 3349 Haoec
821 3292 955 3349 inducere
973 3292 1112 3349 Erasmus
1129 3292 1139 3365 Η

137 3362 151 3416 7
166 3362 254 3431 lepsis
269 3364 293 3420 0
309 3362 391 3418 lessis
405 3364 433 3419 B
451 3364 501 3431 cfr.
517 3364 657 3420 Rossbach
674 3365 707 3419 ire
724 3364 789 3420 dise.
804 3364 930 3421 Rostoch.
948 3366 1019 3420 1882
1032 3380 1064 3433 p.
1077 3369 1111 3420 13
1128 3372 1139 3428 ΙΙ

118 3431 153 3487 19
171 3433 277 3503 fietque
291 3435 386 3505 Pauly
404 3436 490 3503 etque
511 3435 534 3491 O
592 3435 670 3490 mitis
683 3436 749 3490 BH
762 3450 823 3490 esse
841 3433 919 3490 mitis
932 3433 996 3490 DE
1016 3435 1102 3504 sique
1121 3449 1139 3489 e

106 3519 141 3554 m.
160 3520 183 3558 0.
196 3521 227 3571 p,
248 3505 331 3561 mitis
349 3503 411 3563 deri
425 3507 455 3564 B
473 3524 507 3564 m.
523 3509 543 3563 2
567 3506 570 3581 l
587 3504 623 3562 28
640 3506 767 3562 iuremus
780 3507 843 3562 BV
855 3505 979 3561 uiuimus
996 3506 1019 3564 0
