2438 3846
216 146 266 202 AD
287 145 501 202 GALLIONEM
518 145 567 207 DE
585 145 674 203 VITA
692 145 815 200 BEATA
834 145 968 223 onear.
983 152 1017 201 23
1058 150 1122 215 221

104 292 223 358 habere
241 292 364 377 aliquid
377 292 412 357 in
425 313 460 358 se
473 291 570 377 pretii
584 295 616 357 et
630 291 777 361 nliaaliis
792 313 861 358 esse
874 292 1023 376 potiora?
1056 293 1125 378 qui-

104 381 241 448 busdam
260 402 300 446 ex
313 381 353 447 iis
367 380 522 447 tribuitur
535 379 657 465 aliquid
670 380 817 466 honoris,
836 382 1028 466 quibusdam
1042 383 1124 447 mul-

104 474 182 537 tum.
219 493 260 536 ne
278 483 362 536 erres
381 470 503 555 itaque,
521 470 605 535 inter
623 470 751 554 potiore
768 470 899 536 divitiae
913 475 996 537 sunt.
1030 471 1123 555 ‘quid
1142 487 1159 538 o

104 559 198 646 ergo'
223 560 330 644 inquis
354 560 420 625 ‘me
444 559 581 642 derides,
604 581 678 626 eum
701 559 836 625 eundem
860 564 939 644 aput
961 564 993 626 te
1015 562 1124 626 loeum

72 671 85 710 ⁵
103 649 255 734 habeant,
274 670 370 733 quem
388 651 467 732 aput
485 647 573 713 mel'
609 648 658 714 vis
676 650 772 732 seire,
789 670 886 733 quam
904 671 971 715 non
988 651 1124 715 eundem

103 738 244 804 habeant
277 737 409 804 locum?
461 737 543 803 mihi
580 737 710 803 divitiae
746 738 775 803 si
808 737 1005 822 effluxerint,
1040 739 1124 804 nihil

103 827 249 893 auferent
274 827 339 892 nisi
361 831 462 894 semet
484 828 584 912 ipsas,
606 831 643 892 tu
666 827 809 910 stupebis
833 831 866 893 et
887 827 1045 894 videberis
1062 829 1124 893 tibi

104 918 173 982 sine
204 920 237 981 te
268 915 412 1001 relictus,
449 916 477 982 si
506 917 581 982 illae
613 939 632 981 a
663 919 695 982 te
727 916 928 1001 recesserint3
961 921 1040 1002 aput
1071 939 1123 982 me

103 1006 235 1071 divitiae
262 1006 402 1090 aliquem
429 1006 538 1071 locum
561 1006 693 1089 habent,
723 1010 802 1090 aput
823 1008 856 1071 te
879 1028 1055 1091 summum,
1082 1007 1123 1071 ad

58 1115 85 1156 ro
101 1097 302 1179 postremum
326 1094 455 1160 divitiae
477 1116 566 1160 meae
589 1098 678 1178 sunt,
700 1098 736 1159 tu
760 1095 944 1160 divitiarum
967 1118 1009 1162 es.

29 1271 30 1274 ,
192 1198 311 1267 XXIII.
351 1200 470 1268 Desine
507 1223 583 1288 ergo
620 1202 823 1287 philosophis
860 1203 996 1286 pecunia
1027 1203 1157 1268 inter-.1

102 1291 221 1357 dicere:
243 1311 339 1357 nemo
362 1290 552 1376 sapientiam
576 1295 764 1376 paupertate
783 1290 956 1357 damnavit.
992 1291 1125 1358 habebit

102 1379 316 1465 philosophus
334 1381 457 1464 amplas
477 1400 568 1465 opes,
591 1380 646 1445 sed
664 1380 747 1445 nulli
765 1380 922 1447 detractas
940 1401 1000 1446 nec
1018 1380 1123 1447 alieno

57 1578 84 1620 1,
103 1473 746 1643 :ttulitltt'eftttltt
761 1474 1123 1625 tlttulttati

103 1670 200 1733 quam
218 1647 386 1733 introitus,
407 1648 522 1733 quibus
541 1670 636 1713 nemo
655 1648 853 1733 ingemescet
869 1649 934 1715 nisi
951 1649 1122 1735 malignus.

102 1739 136 1802 in
155 1740 311 1821 quantum
330 1738 379 1803 vis
398 1759 555 1824 exaggera
573 1738 660 1804 illas:
678 1737 831 1804 honestae
846 1742 934 1821 sunt,
952 1739 987 1807 in
1006 1739 1122 1822 quibus

102 1848 176 1893 eum
199 1827 302 1892 multa
325 1827 402 1911 sint,
427 1849 507 1910 quae
531 1849 589 1893 sua
613 1827 749 1912 quisque
767 1828 832 1893 diei
850 1828 940 1912 velit,
963 1827 1047 1892 nihil
1065 1831 1122 1911 est,

102 1915 190 2000 quod
212 1917 383 2000 quisquam
406 1938 500 1981 suum
522 1917 626 2000 possit
649 1916 760 1981 dicere.
797 1917 854 1982 ille
875 1937 951 1981 vero
974 1917 1122 1982 fortunae
1141 1931 1157 1980 2

55 2025 84 2066 ao
102 2005 333 2091 benignitatem
361 2027 380 2069 a
408 2026 530 2070 senon
554 2006 768 2071 summovebit
791 2008 823 2070 et
845 2005 1040 2089 patrimonio
1064 2028 1122 2090 per

101 2094 238 2160 honesta
265 2095 410 2180 quaesito
432 2115 492 2159 nee
514 2095 705 2180 gloriabitur
727 2116 787 2160 nee
810 2096 981 2160 erubescet.
1027 2094 1122 2159 habe·

101 2182 152 2249 bit
173 2186 283 2249 tamen
304 2184 401 2248 etiem
425 2205 489 2267 quo
513 2184 683 2269 glorietur,
710 2184 737 2248 si
760 2188 871 2267 aperta
894 2184 990 2248 domo
1015 2188 1046 2248 et
1069 2184 1122 2248 ad-

101 2271 201 2338 missa
229 2271 264 2336 in
292 2293 343 2337 res
371 2293 444 2338 suas
468 2270 597 2343 civitate
619 2273 739 2356 poterit
762 2272 878 2338 dicere:
909 2272 1012 2357 ‘quod
1037 2273 1122 2355 quis·

56 2470 83 2511 ‚⁵
101 2361 508 2535 ttsttltliittb
525 2367 1122 2546 eblbtsblffltsllt'lt:

101 2539 189 2606 dieo:
208 2540 236 2605 si
253 2542 325 2604 tuto
344 2542 378 2604 et
394 2561 524 2605 securus
544 2540 773 2606 scrutationem
791 2540 913 2623 populo
929 2540 1121 2624 praebuerit,

101 2629 130 2695 si
161 2628 245 2694 nihil
274 2628 445 2713 quisquam
477 2632 556 2714 aput
583 2629 676 2693 illum
706 2629 876 2712 invenerit,
907 2630 984 2713 quoi
1008 2650 1121 2693 manus

102 2717 223 2801 iniciat,
240 2717 403 2783 audaciter
420 2722 451 2782 et
468 2718 637 2803 propalam
651 2717 712 2782 erit
726 2718 823 2783 dives.
855 2717 981 2802 sapiens
995 2717 1122 2782 nullum
1141 2731 1156 2780 3

104 2805 269 2871 denarium
298 2806 383 2872 intra
412 2807 511 2872 limen
541 2829 635 2872 suum
659 2807 806 2872 admittet
828 2807 912 2872 male
934 2807 1121 2891 intrantem

193 3016 209 3070 l
235 3018 324 3087 precii
346 3021 367 3069 7
390 3019 432 3072 Αὕ
456 3035 491 3074 ea
513 3018 554 3074 Α1
583 3021 722 3088 scriptura
750 3019 910 3087 dr'epieitur:
941 3018 1015 3087 preti
1042 3017 1122 3088 ...ll

102 3086 304 3158 *uuus
317 3087 360 3191 e
376 3090 514 3216 rerer
529 3088 1122 3233 reuersurus-eruere

100 3161 313 3301 lbvmdliffiud
322 3158 364 3287 ΑΗι
381 3249 449 3288 corr.
465 3232 507 3287 A⁶
523 3232 534 3304 Η
552 3232 587 3288 18
604 3233 687 3286 iusua
706 3203 801 3301 quisq;
821 3232 892 3286 dicit
909 3203 984 3286 uelit
996 3233 1037 3286 Α1
1051 3248 1119 3286 corr.

100 3303 133 3357 ia
151 3319 236 3373 morp.
251 3302 294 3358 21⁰
310 3301 321 3375 ΙΙ
342 3302 378 3358 22
396 3302 552 3429 glorientur
568 3307 595 3359 A
612 3305 623 3377 ΙΙ
645 3304 682 3359 24
700 3321 715 3358 o
736 3306 820 3359 altero
840 3305 897 3358 loeo
916 3304 980 3359 add.
997 3304 1119 3372 Lepsios.

101 3373 152 3441 cfr.
167 3375 243 3444 epist.
257 3379 302 3441 70,
314 3379 352 3433 21
370 3373 380 3447 Η
417 3375 432 3430 7
452 3376 519 3444 quoi
533 3376 652 3447 Modotp
671 3378 739 3444 quot
753 3376 793 3431 Αι
810 3376 858 3430 sed
875 3392 961 3445 supro
979 3377 992 3429 t
1006 3376 1120 3444 paractis

100 3451 225 3501 oetatem
248 3445 342 3502 littera
365 3446 462 3516 aliqua
486 3445 545 3517 (ᾱὲ)
573 3449 678 3517 scripta
701 3446 774 3515 fulb·
796 3453 893 3517 postea
917 3449 1032 3503 ethaeo
1057 3452 1083 3502 et
1107 3449 1121 3499 t

102 3532 197 3572 erasae
214 3523 280 3574 aaut
296 3517 307 3590 ll
324 3515 360 3573 28
379 3517 542 3592 audaeflter
555 3523 581 3573 Α
600 3520 680 3591 (erus.
695 3518 718 3589 i]
