<?xml version="1.0" encoding="UTF-8"?>
<!DOCTYPE html PUBLIC "-//W3C//DTD XHTML 1.0 Transitional//EN"
    "http://www.w3.org/TR/xhtml1/DTD/xhtml1-transitional.dtd">
<html xmlns="http://www.w3.org/1999/xhtml" xml:lang="en" lang="en">
 <head>
  <title>
</title>
<meta http-equiv="Content-Type" content="text/html;charset=utf-8" />
  <meta name='ocr-system' content='tesseract 3.04.00' />
  <meta name='ocr-capabilities' content='ocr_page ocr_carea ocr_par ocr_line ocrx_word'/>
</head>
<body>
  <div class='ocr_page' id='page_1' title='image "./lannaeisenecaeo02senegoog_0149.png"; bbox 0 0 2438 3846; ppageno 0'>
   <div class='ocr_carea' id='block_1_1' title="bbox 363 184 1129 258">
    <p class='ocr_par' dir='ltr' id='par_1_1' title="bbox 363 184 1129 258">
     <span class='ocr_line' id='line_1_1' title="bbox 363 184 1129 258; baseline 0.01 -18"><span class='ocrx_word' id='word_1_1' title='bbox 363 185 413 240; x_wconf 79' lang='lat' dir='ltr'><strong>DE</strong></span> <span class='ocrx_word' id='word_1_2' title='bbox 431 185 496 241; x_wconf 80' lang='lat' dir='ltr'><strong>IRA</strong></span> <span class='ocrx_word' id='word_1_3' title='bbox 514 185 581 240; x_wconf 85' lang='lat' dir='ltr'><strong>LIB.</strong></span> <span class='ocrx_word' id='word_1_4' title='bbox 596 184 643 240; x_wconf 87' lang='lat' dir='ltr'><strong>IIL</strong></span> <span class='ocrx_word' id='word_1_5' title='bbox 675 184 753 241; x_wconf 78' lang='lat' dir='ltr'><strong><em>cAP.</em></strong></span> <span class='ocrx_word' id='word_1_6' title='bbox 770 191 811 242; x_wconf 88' lang='lat'><strong>11.</strong></span> <span class='ocrx_word' id='word_1_7' title='bbox 828 191 862 242; x_wconf 79' lang='lat' dir='ltr'><strong>la</strong></span> <span class='ocrx_word' id='word_1_8' title='bbox 1067 190 1129 258; x_wconf 76' lang='grc'><strong>121</strong></span> 
     </span>
    </p>
   </div>
   <div class='ocr_carea' id='block_1_2' title="bbox 58 332 1168 2997">
    <p class='ocr_par' dir='ltr' id='par_1_2' title="bbox 58 332 1168 2997">
     <span class='ocr_line' id='line_1_2' title="bbox 108 332 1166 400; baseline 0.001 -1"><span class='ocrx_word' id='word_1_9' title='bbox 108 334 285 399; x_wconf 89' lang='lat' dir='ltr'><strong>humanum</strong></span> <span class='ocrx_word' id='word_1_10' title='bbox 308 332 351 399; x_wconf 87' lang='lat' dir='ltr'><strong>sit</strong></span> <span class='ocrx_word' id='word_1_11' title='bbox 374 335 431 398; x_wconf 85' lang='lat' dir='ltr'><strong>ant</strong></span> <span class='ocrx_word' id='word_1_12' title='bbox 451 353 516 398; x_wconf 78' lang='lat' dir='ltr'><strong>noa</strong></span> <span class='ocrx_word' id='word_1_13' title='bbox 538 332 669 398; x_wconf 81' lang='lat' dir='ltr'><strong>humile</strong></span> <span class='ocrx_word' id='word_1_14' title='bbox 715 354 754 398; x_wconf 88' lang='lat' dir='ltr'><strong>eo</strong></span> <span class='ocrx_word' id='word_1_15' title='bbox 776 354 837 400; x_wconf 86' lang='lat' dir='ltr'><strong>nos</strong></span> <span class='ocrx_word' id='word_1_16' title='bbox 860 334 933 399; x_wconf 85' lang='lat' dir='ltr'><strong>loeo</strong></span> <span class='ocrx_word' id='word_1_17' title='bbox 957 334 1166 400; x_wconf 73' lang='lat' dir='ltr'><strong>constitua-s</strong></span> 
     </span>
     <span class='ocr_line' id='line_1_3' title="bbox 108 422 1131 507; baseline 0.001 -18"><span class='ocrx_word' id='word_1_18' title='bbox 108 444 189 507; x_wconf 87' lang='lat' dir='ltr'><strong>mus,</strong></span> <span class='ocrx_word' id='word_1_19' title='bbox 208 443 273 507; x_wconf 90' lang='lat' dir='ltr'><strong>quo</strong></span> <span class='ocrx_word' id='word_1_20' title='bbox 291 422 348 488; x_wconf 92' lang='lat' dir='ltr'><strong>ille</strong></span> <span class='ocrx_word' id='word_1_21' title='bbox 361 424 411 488; x_wconf 87' lang='lat' dir='ltr'><strong>est</strong></span> <span class='ocrx_word' id='word_1_22' title='bbox 424 422 477 488; x_wconf 87' lang='lat' dir='ltr'><strong>eui</strong></span> <span class='ocrx_word' id='word_1_23' title='bbox 491 422 673 488; x_wconf 76' lang='lat' dir='ltr'>irascimur:</span> <span class='ocrx_word' id='word_1_24' title='bbox 690 443 779 490; x_wconf 88' lang='lat' dir='ltr'><strong>nune</strong></span> <span class='ocrx_word' id='word_1_25' title='bbox 794 422 874 489; x_wconf 84' lang='lat' dir='ltr'><strong>feeit</strong></span> <span class='ocrx_word' id='word_1_26' title='bbox 886 444 946 489; x_wconf 90' lang='lat' dir='ltr'><strong>nos</strong></span> <span class='ocrx_word' id='word_1_27' title='bbox 960 423 1131 490; x_wconf 78' lang='lat' dir='ltr'><strong>iracundos</strong></span> 
     </span>
     <span class='ocr_line' id='line_1_4' title="bbox 108 511 1132 599; baseline 0.002 -23"><span class='ocrx_word' id='word_1_28' title='bbox 108 512 220 597; x_wconf 89' lang='lat' dir='ltr'><strong>iniqua</strong></span> <span class='ocrx_word' id='word_1_29' title='bbox 241 512 346 578; x_wconf 77' lang='lat' dir='ltr'>nostri</span> <span class='ocrx_word' id='word_1_30' title='bbox 368 511 549 578; x_wconf 73' lang='lat' dir='ltr'><strong>aestimatio</strong></span> <span class='ocrx_word' id='word_1_31' title='bbox 578 514 611 578; x_wconf 91' lang='lat' dir='ltr'><strong>et</strong></span> <span class='ocrx_word' id='word_1_32' title='bbox 638 533 720 598; x_wconf 87' lang='lat' dir='ltr'><strong>quae</strong></span> <span class='ocrx_word' id='word_1_33' title='bbox 747 513 852 579; x_wconf 81' lang='lat' dir='ltr'><strong>faeere</strong></span> <span class='ocrx_word' id='word_1_34' title='bbox 879 512 1035 579; x_wconf 79' lang='lat' dir='ltr'><strong>vellemus</strong></span> <span class='ocrx_word' id='word_1_35' title='bbox 1063 514 1132 599; x_wconf 85' lang='lat' dir='ltr'><strong>pati</strong></span> 
     </span>
     <span class='ocr_line' id='line_1_5' title="bbox 107 601 1168 686; baseline 0.003 -20"><span class='ocrx_word' id='word_1_36' title='bbox 107 602 267 668; x_wconf 88' lang='lat' dir='ltr'><strong>nolumus.</strong></span> <span class='ocrx_word' id='word_1_37' title='bbox 312 623 407 667; x_wconf 90' lang='lat' dir='ltr'><strong>nemo</strong></span> <span class='ocrx_word' id='word_1_38' title='bbox 431 623 465 667; x_wconf 88' lang='lat' dir='ltr'><strong>se</strong></span> <span class='ocrx_word' id='word_1_39' title='bbox 487 601 608 666; x_wconf 83' lang='lat' dir='ltr'><strong>differt:</strong></span> <span class='ocrx_word' id='word_1_40' title='bbox 630 603 722 686; x_wconf 91' lang='lat' dir='ltr'><strong>atqui</strong></span> <span class='ocrx_word' id='word_1_41' title='bbox 744 624 932 668; x_wconf 87' lang='lat' dir='ltr'><strong>maxumum</strong></span> <span class='ocrx_word' id='word_1_42' title='bbox 954 602 1131 668; x_wconf 89' lang='lat' dir='ltr'><strong>remedium</strong></span> <span class='ocrx_word' id='word_1_43' title='bbox 1150 620 1168 669; x_wconf 80' lang='lat'>4</span> 
     </span>
     <span class='ocr_line' id='line_1_6' title="bbox 76 691 1133 778; baseline 0.006 -26"><span class='ocrx_word' id='word_1_44' title='bbox 76 692 173 756; x_wconf 81' lang='lat' dir='ltr'><strong>eiras</strong></span> <span class='ocrx_word' id='word_1_45' title='bbox 203 691 317 756; x_wconf 87' lang='lat' dir='ltr'><strong>dilatio</strong></span> <span class='ocrx_word' id='word_1_46' title='bbox 345 695 406 775; x_wconf 86' lang='lat' dir='ltr'><strong>est,</strong></span> <span class='ocrx_word' id='word_1_47' title='bbox 433 694 471 757; x_wconf 89' lang='lat' dir='ltr'><strong>ut</strong></span> <span class='ocrx_word' id='word_1_48' title='bbox 492 691 617 776; x_wconf 89' lang='lat' dir='ltr'><strong>primus</strong></span> <span class='ocrx_word' id='word_1_49' title='bbox 640 692 709 758; x_wconf 91' lang='lat' dir='ltr'><strong>eius</strong></span> <span class='ocrx_word' id='word_1_50' title='bbox 730 691 838 758; x_wconf 82' lang='lat' dir='ltr'><strong>fervor</strong></span> <span class='ocrx_word' id='word_1_51' title='bbox 859 693 1082 778; x_wconf 71' lang='lat' dir='ltr'><strong>relanguescat</strong></span> <span class='ocrx_word' id='word_1_52' title='bbox 1099 697 1133 759; x_wconf 88' lang='lat' dir='ltr'><strong>et</strong></span> 
     </span>
     <span class='ocr_line' id='line_1_7' title="bbox 107 780 1131 866; baseline 0.003 -21"><span class='ocrx_word' id='word_1_53' title='bbox 107 781 213 866; x_wconf 84' lang='lat' dir='ltr'><strong>ealigo</strong></span> <span class='ocrx_word' id='word_1_54' title='bbox 250 803 332 866; x_wconf 89' lang='lat' dir='ltr'><strong>quae</strong></span> <span class='ocrx_word' id='word_1_55' title='bbox 363 780 483 866; x_wconf 85' lang='lat' dir='ltr'><strong>premit</strong></span> <span class='ocrx_word' id='word_1_56' title='bbox 517 785 659 847; x_wconf 86' lang='lat' dir='ltr'><strong>mentem</strong></span> <span class='ocrx_word' id='word_1_57' title='bbox 691 786 747 847; x_wconf 87' lang='lat' dir='ltr'><strong>aut</strong></span> <span class='ocrx_word' id='word_1_58' title='bbox 777 781 897 847; x_wconf 75' lang='lat' dir='ltr'><strong>residat</strong></span> <span class='ocrx_word' id='word_1_59' title='bbox 933 784 989 846; x_wconf 91' lang='lat' dir='ltr'><strong>aut</strong></span> <span class='ocrx_word' id='word_1_60' title='bbox 1024 782 1131 848; x_wconf 89' lang='lat' dir='ltr'><strong>minue</strong></span> 
     </span>
     <span class='ocr_line' id='line_1_8' title="bbox 107 870 1133 956; baseline 0.004 -22"><span class='ocrx_word' id='word_1_61' title='bbox 107 870 206 935; x_wconf 87' lang='lat' dir='ltr'><strong>densa</strong></span> <span class='ocrx_word' id='word_1_62' title='bbox 219 871 270 936; x_wconf 88' lang='lat' dir='ltr'><strong>sit.</strong></span> <span class='ocrx_word' id='word_1_63' title='bbox 302 870 460 955; x_wconf 81' lang='lat' dir='ltr'><strong>quaedam</strong></span> <span class='ocrx_word' id='word_1_64' title='bbox 474 892 514 935; x_wconf 88' lang='lat' dir='ltr'><strong>ex</strong></span> <span class='ocrx_word' id='word_1_65' title='bbox 532 870 592 954; x_wconf 87' lang='lat' dir='ltr'><strong>his,</strong></span> <span class='ocrx_word' id='word_1_66' title='bbox 609 893 691 956; x_wconf 89' lang='lat' dir='ltr'><strong>quae</strong></span> <span class='ocrx_word' id='word_1_67' title='bbox 704 876 737 936; x_wconf 90' lang='lat' dir='ltr'><strong>te</strong></span> <span class='ocrx_word' id='word_1_68' title='bbox 750 870 959 955; x_wconf 85' lang='lat' dir='ltr'><strong>praeeipitem</strong></span> <span class='ocrx_word' id='word_1_69' title='bbox 978 870 1133 956; x_wconf 85' lang='lat' dir='ltr'><strong>ferebant,</strong></span> 
     </span>
     <span class='ocr_line' id='line_1_9' title="bbox 107 959 1131 1045; baseline 0.002 -20"><span class='ocrx_word' id='word_1_70' title='bbox 107 960 200 1044; x_wconf 85' lang='lat' dir='ltr'><strong>hora,</strong></span> <span class='ocrx_word' id='word_1_71' title='bbox 222 983 290 1025; x_wconf 89' lang='lat' dir='ltr'><strong>nou</strong></span> <span class='ocrx_word' id='word_1_72' title='bbox 309 963 436 1025; x_wconf 87' lang='lat' dir='ltr'><strong>tantum</strong></span> <span class='ocrx_word' id='word_1_73' title='bbox 456 959 523 1026; x_wconf 88' lang='lat' dir='ltr'><strong>dies</strong></span> <span class='ocrx_word' id='word_1_74' title='bbox 542 961 681 1045; x_wconf 87' lang='lat' dir='ltr'><strong>molliet,</strong></span> <span class='ocrx_word' id='word_1_75' title='bbox 701 961 856 1044; x_wconf 87' lang='lat' dir='ltr'><strong>quaedam</strong></span> <span class='ocrx_word' id='word_1_76' title='bbox 876 981 916 1025; x_wconf 88' lang='lat' dir='ltr'><strong>ex</strong></span> <span class='ocrx_word' id='word_1_77' title='bbox 929 963 999 1025; x_wconf 87' lang='lat' dir='ltr'><strong>toto</strong></span> <span class='ocrx_word' id='word_1_78' title='bbox 1019 983 1131 1027; x_wconf 85' lang='lat' dir='ltr'><strong>evane-</strong></span> 
     </span>
     <span class='ocr_line' id='line_1_10' title="bbox 108 1050 1131 1135; baseline 0 -20"><span class='ocrx_word' id='word_1_79' title='bbox 108 1054 210 1133; x_wconf 80' lang='lat' dir='ltr'><strong>seent3</strong></span> <span class='ocrx_word' id='word_1_80' title='bbox 240 1051 268 1114; x_wconf 91' lang='lat' dir='ltr'><strong>si</strong></span> <span class='ocrx_word' id='word_1_81' title='bbox 290 1050 375 1114; x_wconf 82' lang='lat' dir='ltr'><strong>nihil</strong></span> <span class='ocrx_word' id='word_1_82' title='bbox 397 1050 500 1135; x_wconf 83' lang='lat' dir='ltr'><strong>egerit</strong></span> <span class='ocrx_word' id='word_1_83' title='bbox 525 1050 628 1135; x_wconf 89' lang='lat' dir='ltr'><strong>petita</strong></span> <span class='ocrx_word' id='word_1_84' title='bbox 656 1050 839 1134; x_wconf 82' lang='lat' dir='ltr'><strong>advocatio,</strong></span> <span class='ocrx_word' id='word_1_85' title='bbox 868 1050 1036 1135; x_wconf 85' lang='lat' dir='ltr'><strong>apparebit</strong></span> <span class='ocrx_word' id='word_1_86' title='bbox 1065 1051 1131 1115; x_wconf 90' lang='lat' dir='ltr'><strong>iam</strong></span> 
     </span>
     <span class='ocr_line' id='line_1_11' title="bbox 62 1138 1132 1224; baseline 0.007 -26"><span class='ocrx_word' id='word_1_87' title='bbox 62 1159 90 1199; x_wconf 75' lang='lat' dir='ltr'><strong>ro</strong></span> <span class='ocrx_word' id='word_1_88' title='bbox 107 1138 262 1204; x_wconf 89' lang='lat' dir='ltr'><strong>iudioium</strong></span> <span class='ocrx_word' id='word_1_89' title='bbox 295 1161 377 1222; x_wconf 88' lang='lat' dir='ltr'><strong>esse,</strong></span> <span class='ocrx_word' id='word_1_90' title='bbox 408 1160 475 1204; x_wconf 91' lang='lat' dir='ltr'><strong>non</strong></span> <span class='ocrx_word' id='word_1_91' title='bbox 506 1139 598 1205; x_wconf 88' lang='lat' dir='ltr'><strong>iram.</strong></span> <span class='ocrx_word' id='word_1_92' title='bbox 645 1139 801 1224; x_wconf 91' lang='lat' dir='ltr'><strong>quidquid</strong></span> <span class='ocrx_word' id='word_1_93' title='bbox 834 1138 923 1204; x_wconf 86' lang='lat' dir='ltr'><strong>voles</strong></span> <span class='ocrx_word' id='word_1_94' title='bbox 961 1140 1056 1224; x_wconf 87' lang='lat' dir='ltr'><strong>quale</strong></span> <span class='ocrx_word' id='word_1_95' title='bbox 1089 1141 1132 1207; x_wconf 90' lang='lat' dir='ltr'><strong>sit</strong></span> 
     </span>
     <span class='ocr_line' id='line_1_12' title="bbox 107 1228 1129 1315; baseline 0.001 -22"><span class='ocrx_word' id='word_1_96' title='bbox 107 1229 201 1312; x_wconf 88' lang='lat' dir='ltr'><strong>seire,</strong></span> <span class='ocrx_word' id='word_1_97' title='bbox 224 1230 363 1314; x_wconf 86' lang='lat' dir='ltr'><strong>tempori</strong></span> <span class='ocrx_word' id='word_1_98' title='bbox 382 1228 486 1294; x_wconf 86' lang='lat' dir='ltr'><strong>trade:</strong></span> <span class='ocrx_word' id='word_1_99' title='bbox 508 1228 593 1294; x_wconf 91' lang='lat' dir='ltr'><strong>nihil</strong></span> <span class='ocrx_word' id='word_1_100' title='bbox 610 1228 782 1315; x_wconf 84' lang='lat' dir='ltr'><strong>diligenter</strong></span> <span class='ocrx_word' id='word_1_101' title='bbox 801 1229 836 1294; x_wconf 89' lang='lat' dir='ltr'><strong>in</strong></span> <span class='ocrx_word' id='word_1_102' title='bbox 855 1229 957 1294; x_wconf 80' lang='lat' dir='ltr'><strong>fluctu</strong></span> <span class='ocrx_word' id='word_1_103' title='bbox 980 1230 1129 1296; x_wconf 89' lang='lat' dir='ltr'><strong>oernitur.</strong></span> 
     </span>
     <span class='ocr_line' id='line_1_13' title="bbox 105 1316 1166 1404; baseline 0.002 -22"><span class='ocrx_word' id='word_1_104' title='bbox 105 1340 173 1383; x_wconf 89' lang='lat' dir='ltr'><strong>non</strong></span> <span class='ocrx_word' id='word_1_105' title='bbox 194 1318 303 1403; x_wconf 89' lang='lat' dir='ltr'><strong>potuit</strong></span> <span class='ocrx_word' id='word_1_106' title='bbox 325 1319 486 1404; x_wconf 89' lang='lat' dir='ltr'><strong>inpetrare</strong></span> <span class='ocrx_word' id='word_1_107' title='bbox 507 1341 526 1383; x_wconf 90' lang='lat' dir='ltr'><strong>a</strong></span> <span class='ocrx_word' id='word_1_108' title='bbox 544 1339 578 1384; x_wconf 89' lang='lat' dir='ltr'><strong>se</strong></span> <span class='ocrx_word' id='word_1_109' title='bbox 596 1316 690 1384; x_wconf 86' lang='lat' dir='ltr'><strong>Plato</strong></span> <span class='ocrx_word' id='word_1_110' title='bbox 709 1323 851 1403; x_wconf 88' lang='lat' dir='ltr'><strong>tempus,</strong></span> <span class='ocrx_word' id='word_1_111' title='bbox 870 1338 944 1384; x_wconf 85' lang='lat' dir='ltr'><strong>eum</strong></span> <span class='ocrx_word' id='word_1_112' title='bbox 964 1339 1130 1385; x_wconf 83' lang='lat' dir='ltr'><strong>servosne</strong></span> <span class='ocrx_word' id='word_1_113' title='bbox 1150 1333 1166 1384; x_wconf 80' lang='lat'><strong>⁶</strong></span> 
     </span>
     <span class='ocr_line' id='line_1_14' title="bbox 106 1407 1131 1494; baseline 0.003 -22"><span class='ocrx_word' id='word_1_114' title='bbox 106 1409 308 1492; x_wconf 80' lang='lat' dir='ltr'><strong>irasceretur,</strong></span> <span class='ocrx_word' id='word_1_115' title='bbox 332 1409 388 1474; x_wconf 87' lang='lat' dir='ltr'><strong>sed</strong></span> <span class='ocrx_word' id='word_1_116' title='bbox 411 1429 530 1492; x_wconf 90' lang='lat' dir='ltr'><strong>ponere</strong></span> <span class='ocrx_word' id='word_1_117' title='bbox 553 1408 646 1474; x_wconf 84' lang='lat' dir='ltr'><strong>illum</strong></span> <span class='ocrx_word' id='word_1_118' title='bbox 676 1407 786 1474; x_wconf 83' lang='lat' dir='ltr'><strong>statim</strong></span> <span class='ocrx_word' id='word_1_119' title='bbox 813 1408 957 1474; x_wconf 86' lang='lat' dir='ltr'><strong>tunioam</strong></span> <span class='ocrx_word' id='word_1_120' title='bbox 986 1412 1018 1474; x_wconf 89' lang='lat' dir='ltr'><strong>et</strong></span> <span class='ocrx_word' id='word_1_121' title='bbox 1041 1430 1131 1494; x_wconf 86' lang='lat' dir='ltr'><strong>prae-</strong></span> 
     </span>
     <span class='ocr_line' id='line_1_15' title="bbox 106 1497 1130 1582; baseline 0.002 -20"><span class='ocrx_word' id='word_1_122' title='bbox 106 1498 179 1562; x_wconf 89' lang='lat' dir='ltr'><strong>bere</strong></span> <span class='ocrx_word' id='word_1_123' title='bbox 203 1498 350 1582; x_wconf 82' lang='lat' dir='ltr'><strong>scapulas</strong></span> <span class='ocrx_word' id='word_1_124' title='bbox 368 1497 554 1564; x_wconf 81' lang='lat' dir='ltr'><strong>verberibus</strong></span> <span class='ocrx_word' id='word_1_125' title='bbox 573 1498 667 1564; x_wconf 87' lang='lat' dir='ltr'><strong>iussit</strong></span> <span class='ocrx_word' id='word_1_126' title='bbox 685 1520 744 1564; x_wconf 87' lang='lat' dir='ltr'><strong>sua</strong></span> <span class='ocrx_word' id='word_1_127' title='bbox 762 1519 860 1563; x_wconf 88' lang='lat' dir='ltr'><strong>manu</strong></span> <span class='ocrx_word' id='word_1_128' title='bbox 878 1498 947 1581; x_wconf 88' lang='lat' dir='ltr'><strong>ipse</strong></span> <span class='ocrx_word' id='word_1_129' title='bbox 966 1519 1130 1582; x_wconf 83' lang='lat' dir='ltr'><strong>oaesurus3</strong></span> 
     </span>
     <span class='ocr_line' id='line_1_16' title="bbox 62 1587 1130 1673; baseline 0.008 -28"><span class='ocrx_word' id='word_1_130' title='bbox 62 1606 88 1646; x_wconf 81' lang='lat' dir='ltr'><strong>rs</strong></span> <span class='ocrx_word' id='word_1_131' title='bbox 105 1589 278 1672; x_wconf 90' lang='lat' dir='ltr'><strong>postquam</strong></span> <span class='ocrx_word' id='word_1_132' title='bbox 300 1588 460 1653; x_wconf 84' lang='lat' dir='ltr'><strong>intellexit</strong></span> <span class='ocrx_word' id='word_1_133' title='bbox 488 1588 584 1653; x_wconf 87' lang='lat' dir='ltr'><strong>irasei</strong></span> <span class='ocrx_word' id='word_1_134' title='bbox 611 1609 658 1673; x_wconf 88' lang='lat' dir='ltr'><strong>ee,</strong></span> <span class='ocrx_word' id='word_1_135' title='bbox 686 1588 770 1653; x_wconf 87' lang='lat' dir='ltr'><strong>sieut</strong></span> <span class='ocrx_word' id='word_1_136' title='bbox 797 1587 971 1654; x_wconf 84' lang='lat' dir='ltr'><strong>sustulerat</strong></span> <span class='ocrx_word' id='word_1_137' title='bbox 998 1609 1130 1654; x_wconf 89' lang='lat' dir='ltr'><strong>manum</strong></span> 
     </span>
     <span class='ocr_line' id='line_1_17' title="bbox 106 1676 1131 1762; baseline 0 -20"><span class='ocrx_word' id='word_1_138' title='bbox 106 1698 294 1760; x_wconf 84' lang='lat' dir='ltr'><strong>suspensam</strong></span> <span class='ocrx_word' id='word_1_139' title='bbox 317 1676 480 1743; x_wconf 90' lang='lat' dir='ltr'><strong>detinebat</strong></span> <span class='ocrx_word' id='word_1_140' title='bbox 502 1679 535 1742; x_wconf 83' lang='lat' dir='ltr'><strong>et</strong></span> <span class='ocrx_word' id='word_1_141' title='bbox 553 1677 659 1742; x_wconf 89' lang='lat' dir='ltr'><strong>stabat</strong></span> <span class='ocrx_word' id='word_1_142' title='bbox 677 1696 868 1762; x_wconf 78' lang='lat' dir='ltr'><strong>percussuro</strong></span> <span class='ocrx_word' id='word_1_143' title='bbox 888 1676 1016 1761; x_wconf 83' lang='lat' dir='ltr'><strong>similis3</strong></span> <span class='ocrx_word' id='word_1_144' title='bbox 1035 1677 1131 1743; x_wconf 88' lang='lat' dir='ltr'><strong>inter·</strong></span> 
     </span>
     <span class='ocr_line' id='line_1_18' title="bbox 105 1766 1131 1852; baseline 0 -21"><span class='ocrx_word' id='word_1_145' title='bbox 105 1770 238 1852; x_wconf 83' lang='lat' dir='ltr'><strong>rogatus</strong></span> <span class='ocrx_word' id='word_1_146' title='bbox 261 1766 375 1834; x_wconf 90' lang='lat' dir='ltr'><strong>deinde</strong></span> <span class='ocrx_word' id='word_1_147' title='bbox 398 1767 438 1833; x_wconf 86' lang='lat' dir='ltr'><strong>ab</strong></span> <span class='ocrx_word' id='word_1_148' title='bbox 462 1767 580 1850; x_wconf 88' lang='lat' dir='ltr'><strong>amieo,</strong></span> <span class='ocrx_word' id='word_1_149' title='bbox 609 1767 666 1851; x_wconf 87' lang='lat' dir='ltr'><strong>qui</strong></span> <span class='ocrx_word' id='word_1_150' title='bbox 688 1767 773 1832; x_wconf 84' lang='lat' dir='ltr'><strong>forte</strong></span> <span class='ocrx_word' id='word_1_151' title='bbox 795 1767 1023 1850; x_wconf 80' lang='lat' dir='ltr'><strong>intervenerat,</strong></span> <span class='ocrx_word' id='word_1_152' title='bbox 1052 1766 1131 1851; x_wconf 94' lang='lat' dir='ltr'><strong>quid</strong></span> 
     </span>
     <span class='ocr_line' id='line_1_19' title="bbox 106 1853 1131 1943; baseline 0.001 -22"><span class='ocrx_word' id='word_1_153' title='bbox 106 1860 227 1942; x_wconf 82' lang='lat' dir='ltr'><strong>ageret:</strong></span> <span class='ocrx_word' id='word_1_154' title='bbox 249 1855 379 1943; x_wconf 72' lang='lat' dir='ltr'><strong>‘exigo&#39;</strong></span> <span class='ocrx_word' id='word_1_155' title='bbox 411 1855 519 1943; x_wconf 85' lang='lat' dir='ltr'><strong>inquit</strong></span> <span class='ocrx_word' id='word_1_156' title='bbox 550 1855 683 1941; x_wconf 80' lang='lat' dir='ltr'><strong>‘poenas</strong></span> <span class='ocrx_word' id='word_1_157' title='bbox 714 1856 755 1922; x_wconf 91' lang='lat' dir='ltr'><strong>ab</strong></span> <span class='ocrx_word' id='word_1_158' title='bbox 788 1856 919 1922; x_wconf 89' lang='lat' dir='ltr'><strong>homine</strong></span> <span class='ocrx_word' id='word_1_159' title='bbox 955 1853 1131 1922; x_wconf 87' lang='lat' dir='ltr'><strong>iraoundo.’</strong></span> 
     </span>
     <span class='ocr_line' id='line_1_20' title="bbox 105 1943 1166 2034; baseline 0.001 -24"><span class='ocrx_word' id='word_1_160' title='bbox 105 1946 195 2011; x_wconf 82' lang='lat' dir='ltr'><strong>velut</strong></span> <span class='ocrx_word' id='word_1_161' title='bbox 215 1950 348 2031; x_wconf 90' lang='lat' dir='ltr'><strong>stupens</strong></span> <span class='ocrx_word' id='word_1_162' title='bbox 367 1949 494 2034; x_wconf 81' lang='lat' dir='ltr'><strong>gestum</strong></span> <span class='ocrx_word' id='word_1_163' title='bbox 513 1946 606 2012; x_wconf 91' lang='lat' dir='ltr'><strong>illum</strong></span> <span class='ocrx_word' id='word_1_164' title='bbox 625 1944 778 2011; x_wconf 86' lang='lat' dir='ltr'><strong>saevituri</strong></span> <span class='ocrx_word' id='word_1_165' title='bbox 797 1944 974 2011; x_wconf 82' lang='lat' dir='ltr'><strong>deformem</strong></span> <span class='ocrx_word' id='word_1_166' title='bbox 993 1943 1131 2031; x_wconf 88' lang='lat' dir='ltr'><strong>sapienti</strong></span> <span class='ocrx_word' id='word_1_167' title='bbox 1150 1961 1166 2011; x_wconf 81' lang='lat' dir='ltr'><strong>e</strong></span> 
     </span>
     <span class='ocr_line' id='line_1_21' title="bbox 61 2035 1130 2121; baseline 0.006 -27"><span class='ocrx_word' id='word_1_168' title='bbox 61 2055 88 2094; x_wconf 80' lang='lat' dir='ltr'><strong>re</strong></span> <span class='ocrx_word' id='word_1_169' title='bbox 105 2035 175 2099; x_wconf 82' lang='lat' dir='ltr'><strong>viro</strong></span> <span class='ocrx_word' id='word_1_170' title='bbox 207 2036 367 2121; x_wconf 87' lang='lat' dir='ltr'><strong>servabat,</strong></span> <span class='ocrx_word' id='word_1_171' title='bbox 400 2035 521 2101; x_wconf 89' lang='lat' dir='ltr'><strong>oblitus</strong></span> <span class='ocrx_word' id='word_1_172' title='bbox 553 2035 618 2101; x_wconf 87' lang='lat' dir='ltr'><strong>iam</strong></span> <span class='ocrx_word' id='word_1_173' title='bbox 652 2035 749 2120; x_wconf 87' lang='lat' dir='ltr'><strong>servi,</strong></span> <span class='ocrx_word' id='word_1_174' title='bbox 787 2035 864 2121; x_wconf 90' lang='lat' dir='ltr'><strong>quia</strong></span> <span class='ocrx_word' id='word_1_175' title='bbox 895 2035 995 2100; x_wconf 88' lang='lat' dir='ltr'><strong>alium</strong></span> <span class='ocrx_word' id='word_1_176' title='bbox 1033 2057 1130 2120; x_wconf 90' lang='lat' dir='ltr'><strong>quem</strong></span> 
     </span>
     <span class='ocr_line' id='line_1_22' title="bbox 105 2123 1130 2214; baseline 0.002 -27"><span class='ocrx_word' id='word_1_177' title='bbox 105 2125 214 2208; x_wconf 86' lang='lat' dir='ltr'><strong>potius</strong></span> <span class='ocrx_word' id='word_1_178' title='bbox 233 2126 406 2214; x_wconf 77' lang='lat' dir='ltr'><strong>castigaret</strong></span> <span class='ocrx_word' id='word_1_179' title='bbox 423 2125 596 2191; x_wconf 87' lang='lat' dir='ltr'><strong>invenerat.</strong></span> <span class='ocrx_word' id='word_1_180' title='bbox 625 2126 734 2210; x_wconf 89' lang='lat' dir='ltr'><strong>itaque</strong></span> <span class='ocrx_word' id='word_1_181' title='bbox 757 2124 894 2191; x_wconf 89' lang='lat' dir='ltr'><strong>abstulit</strong></span> <span class='ocrx_word' id='word_1_182' title='bbox 916 2124 978 2191; x_wconf 85' lang='lat' dir='ltr'><strong>sibi</strong></span> <span class='ocrx_word' id='word_1_183' title='bbox 1000 2123 1035 2189; x_wconf 94' lang='lat' dir='ltr'><strong>in</strong></span> <span class='ocrx_word' id='word_1_184' title='bbox 1054 2144 1130 2191; x_wconf 85' lang='lat' dir='ltr'><strong>suos</strong></span> 
     </span>
     <span class='ocr_line' id='line_1_23' title="bbox 105 2211 1131 2300; baseline 0.001 -22"><span class='ocrx_word' id='word_1_185' title='bbox 105 2217 298 2297; x_wconf 86' lang='lat' dir='ltr'><strong>potestatem</strong></span> <span class='ocrx_word' id='word_1_186' title='bbox 326 2219 358 2290; x_wconf 91' lang='lat' dir='ltr'><strong>et</strong></span> <span class='ocrx_word' id='word_1_187' title='bbox 382 2215 423 2280; x_wconf 92' lang='lat' dir='ltr'><strong>ob</strong></span> <span class='ocrx_word' id='word_1_188' title='bbox 446 2217 616 2300; x_wconf 79' lang='lat' dir='ltr'><strong>peecatum</strong></span> <span class='ocrx_word' id='word_1_189' title='bbox 640 2213 802 2299; x_wconf 87' lang='lat' dir='ltr'><strong>quoddam</strong></span> <span class='ocrx_word' id='word_1_190' title='bbox 826 2213 1033 2280; x_wconf 76' lang='lat' dir='ltr'><strong>commotior:</strong></span> <span class='ocrx_word' id='word_1_191' title='bbox 1061 2211 1131 2297; x_wconf 71' lang='lat' dir='ltr'><strong>‘tq&#39;</strong></span> 
     </span>
     <span class='ocr_line' id='line_1_24' title="bbox 105 2302 1130 2390; baseline 0 -23"><span class='ocrx_word' id='word_1_192' title='bbox 105 2303 212 2388; x_wconf 89' lang='lat' dir='ltr'><strong>inquit</strong></span> <span class='ocrx_word' id='word_1_193' title='bbox 235 2302 440 2390; x_wconf 80' lang='lat' dir='ltr'><strong>‘Speusippe,</strong></span> <span class='ocrx_word' id='word_1_194' title='bbox 463 2304 627 2371; x_wconf 83' lang='lat' dir='ltr'><strong>servulum</strong></span> <span class='ocrx_word' id='word_1_195' title='bbox 650 2305 749 2370; x_wconf 91' lang='lat' dir='ltr'><strong>istum</strong></span> <span class='ocrx_word' id='word_1_196' title='bbox 768 2303 954 2370; x_wconf 81' lang='lat' dir='ltr'><strong>verberibus</strong></span> <span class='ocrx_word' id='word_1_197' title='bbox 979 2302 1130 2389; x_wconf 83' lang='lat' dir='ltr'><strong>obiurga3</strong></span> 
     </span>
     <span class='ocr_line' id='line_1_25' title="bbox 104 2391 1166 2481; baseline -0.001 -24"><span class='ocrx_word' id='word_1_198' title='bbox 104 2405 180 2457; x_wconf 89' lang='lat' dir='ltr'><strong>nam</strong></span> <span class='ocrx_word' id='word_1_199' title='bbox 209 2415 270 2481; x_wconf 83' lang='lat' dir='ltr'><strong>ego</strong></span> <span class='ocrx_word' id='word_1_200' title='bbox 298 2394 439 2460; x_wconf 65' lang='lat' dir='ltr'><strong>irascor?</strong></span> <span class='ocrx_word' id='word_1_201' title='bbox 485 2394 526 2460; x_wconf 93' lang='lat' dir='ltr'><strong>ob</strong></span> <span class='ocrx_word' id='word_1_202' title='bbox 549 2393 614 2460; x_wconf 85' lang='lat' dir='ltr'><strong>hoo</strong></span> <span class='ocrx_word' id='word_1_203' title='bbox 639 2415 707 2458; x_wconf 88' lang='lat' dir='ltr'><strong>non</strong></span> <span class='ocrx_word' id='word_1_204' title='bbox 729 2393 860 2478; x_wconf 85' lang='lat' dir='ltr'><strong>oeoidit,</strong></span> <span class='ocrx_word' id='word_1_205' title='bbox 881 2394 1015 2478; x_wconf 88' lang='lat' dir='ltr'><strong>propter</strong></span> <span class='ocrx_word' id='word_1_206' title='bbox 1042 2391 1130 2478; x_wconf 93' lang='lat' dir='ltr'><strong>quod</strong></span> <span class='ocrx_word' id='word_1_207' title='bbox 1150 2407 1166 2456; x_wconf 76' lang='lat' dir='ltr'><strong>s</strong></span> 
     </span>
     <span class='ocr_line' id='line_1_26' title="bbox 60 2481 1130 2569; baseline 0.003 -25"><span class='ocrx_word' id='word_1_208' title='bbox 60 2502 87 2544; x_wconf 80' lang='lat' dir='ltr'><strong>re</strong></span> <span class='ocrx_word' id='word_1_209' title='bbox 104 2482 187 2549; x_wconf 87' lang='lat' dir='ltr'><strong>alius</strong></span> <span class='ocrx_word' id='word_1_210' title='bbox 220 2483 394 2550; x_wconf 84' lang='lat' dir='ltr'><strong>oeeidisset.</strong></span> <span class='ocrx_word' id='word_1_211' title='bbox 450 2481 594 2551; x_wconf 79' lang='lat' dir='ltr'><strong>‘irasem&#39;</strong></span> <span class='ocrx_word' id='word_1_212' title='bbox 620 2483 741 2569; x_wconf 81' lang='lat' dir='ltr'><strong>inquit3</strong></span> <span class='ocrx_word' id='word_1_213' title='bbox 773 2482 858 2568; x_wconf 80' lang='lat' dir='ltr'><strong>‘plus</strong></span> <span class='ocrx_word' id='word_1_214' title='bbox 885 2482 1003 2548; x_wconf 76' lang='lat' dir='ltr'><strong>fariam</strong></span> <span class='ocrx_word' id='word_1_215' title='bbox 1032 2502 1130 2567; x_wconf 90' lang='lat' dir='ltr'><strong>quam</strong></span> 
     </span>
     <span class='ocr_line' id='line_1_27' title="bbox 106 2571 1129 2656; baseline -0.001 -19"><span class='ocrx_word' id='word_1_216' title='bbox 106 2575 248 2656; x_wconf 87' lang='lat' dir='ltr'><strong>oportet,</strong></span> <span class='ocrx_word' id='word_1_217' title='bbox 273 2573 428 2639; x_wconf 84' lang='lat' dir='ltr'><strong>libentius</strong></span> <span class='ocrx_word' id='word_1_218' title='bbox 454 2573 585 2639; x_wconf 80' lang='lat' dir='ltr'><strong>faciam:</strong></span> <span class='ocrx_word' id='word_1_219' title='bbox 612 2593 680 2639; x_wconf 87' lang='lat' dir='ltr'><strong>non</strong></span> <span class='ocrx_word' id='word_1_220' title='bbox 708 2573 751 2640; x_wconf 89' lang='lat' dir='ltr'><strong>sit</strong></span> <span class='ocrx_word' id='word_1_221' title='bbox 778 2573 838 2639; x_wconf 87' lang='lat' dir='ltr'><strong>iste</strong></span> <span class='ocrx_word' id='word_1_222' title='bbox 869 2592 980 2639; x_wconf 83' lang='lat' dir='ltr'><strong>servus</strong></span> <span class='ocrx_word' id='word_1_223' title='bbox 1003 2571 1037 2637; x_wconf 92' lang='lat' dir='ltr'><strong>in</strong></span> <span class='ocrx_word' id='word_1_224' title='bbox 1060 2571 1129 2637; x_wconf 84' lang='lat' dir='ltr'><strong>eius</strong></span> 
     </span>
     <span class='ocr_line' id='line_1_28' title="bbox 103 2660 1129 2748; baseline 0 -21"><span class='ocrx_word' id='word_1_225' title='bbox 103 2664 264 2745; x_wconf 89' lang='lat' dir='ltr'><strong>potestate</strong></span> <span class='ocrx_word' id='word_1_226' title='bbox 287 2661 401 2747; x_wconf 89' lang='lat' dir='ltr'><strong>quiin</strong></span> <span class='ocrx_word' id='word_1_227' title='bbox 424 2683 483 2728; x_wconf 88' lang='lat' dir='ltr'><strong>sna</strong></span> <span class='ocrx_word' id='word_1_228' title='bbox 504 2685 572 2728; x_wconf 91' lang='lat' dir='ltr'><strong>non</strong></span> <span class='ocrx_word' id='word_1_229' title='bbox 595 2662 664 2729; x_wconf 83' lang='lat' dir='ltr'><strong>est&#39;</strong></span> <span class='ocrx_word' id='word_1_230' title='bbox 701 2662 819 2748; x_wconf 88' lang='lat' dir='ltr'><strong>aliquis</strong></span> <span class='ocrx_word' id='word_1_231' title='bbox 841 2661 913 2726; x_wconf 80' lang='lat' dir='ltr'><strong>vult</strong></span> <span class='ocrx_word' id='word_1_232' title='bbox 935 2660 1019 2726; x_wconf 88' lang='lat' dir='ltr'><strong>irato</strong></span> <span class='ocrx_word' id='word_1_233' title='bbox 1043 2682 1129 2727; x_wconf 87' lang='lat' dir='ltr'><strong>eom·</strong></span> 
     </span>
     <span class='ocr_line' id='line_1_29' title="bbox 105 2750 1131 2838; baseline 0.001 -23"><span class='ocrx_word' id='word_1_234' title='bbox 105 2750 192 2816; x_wconf 82' lang='lat' dir='ltr'><strong>mitti</strong></span> <span class='ocrx_word' id='word_1_235' title='bbox 213 2750 386 2836; x_wconf 85' lang='lat' dir='ltr'><strong>ultionem,</strong></span> <span class='ocrx_word' id='word_1_236' title='bbox 407 2773 483 2819; x_wconf 88' lang='lat' dir='ltr'><strong>oum</strong></span> <span class='ocrx_word' id='word_1_237' title='bbox 505 2750 599 2818; x_wconf 88' lang='lat' dir='ltr'><strong>Plato</strong></span> <span class='ocrx_word' id='word_1_238' title='bbox 624 2752 686 2818; x_wconf 90' lang='lat' dir='ltr'><strong>sibi</strong></span> <span class='ocrx_word' id='word_1_239' title='bbox 708 2752 778 2838; x_wconf 89' lang='lat' dir='ltr'><strong>ipse</strong></span> <span class='ocrx_word' id='word_1_240' title='bbox 800 2750 973 2836; x_wconf 89' lang='lat' dir='ltr'><strong>imperium</strong></span> <span class='ocrx_word' id='word_1_241' title='bbox 996 2750 1131 2838; x_wconf 79' lang='lat' dir='ltr'><strong>abroge-</strong></span> 
     </span>
     <span class='ocr_line' id='line_1_30' title="bbox 103 2837 1130 2926; baseline 0.001 -22"><span class='ocrx_word' id='word_1_242' title='bbox 103 2840 211 2906; x_wconf 80' lang='lat' dir='ltr'><strong>rerit?</strong></span> <span class='ocrx_word' id='word_1_243' title='bbox 255 2840 340 2906; x_wconf 91' lang='lat' dir='ltr'><strong>nihil</strong></span> <span class='ocrx_word' id='word_1_244' title='bbox 361 2842 423 2907; x_wconf 91' lang='lat' dir='ltr'><strong>tibi</strong></span> <span class='ocrx_word' id='word_1_245' title='bbox 444 2841 555 2925; x_wconf 86' lang='lat' dir='ltr'><strong>lioeat,</strong></span> <span class='ocrx_word' id='word_1_246' title='bbox 584 2841 661 2907; x_wconf 89' lang='lat' dir='ltr'><strong>dum</strong></span> <span class='ocrx_word' id='word_1_247' title='bbox 685 2841 840 2908; x_wconf 75' lang='lat' dir='ltr'><strong>irasceris.</strong></span> <span class='ocrx_word' id='word_1_248' title='bbox 887 2837 1008 2925; x_wconf 82' lang='lat' dir='ltr'><strong>qnare?</strong></span> <span class='ocrx_word' id='word_1_249' title='bbox 1053 2840 1130 2926; x_wconf 89' lang='lat' dir='ltr'><strong>quia</strong></span> 
     </span>
     <span class='ocr_line' id='line_1_31' title="bbox 58 2929 414 2997; baseline 0.006 -7"><span class='ocrx_word' id='word_1_250' title='bbox 58 2949 87 2990; x_wconf 80' lang='lat' dir='ltr'><strong>ro</strong></span> <span class='ocrx_word' id='word_1_251' title='bbox 103 2929 153 2995; x_wconf 80' lang='lat' dir='ltr'><strong>vis</strong></span> <span class='ocrx_word' id='word_1_252' title='bbox 177 2930 287 2997; x_wconf 88' lang='lat' dir='ltr'><strong>omnia</strong></span> <span class='ocrx_word' id='word_1_253' title='bbox 307 2929 414 2997; x_wconf 86' lang='lat' dir='ltr'><strong>lioere.</strong></span> 
     </span>
    </p>
   </div>
   <div class='ocr_carea' id='block_1_3' title="bbox 103 3193 1139 3627">
    <p class='ocr_par' dir='ltr' id='par_1_3' title="bbox 103 3193 1139 3632">
     <span class='ocr_line' id='line_1_32' title="bbox 193 3193 1130 3265; baseline -0.001 -16"><span class='ocrx_word' id='word_1_254' title='bbox 193 3193 210 3249; x_wconf 94' lang='lat'>1</span> <span class='ocrx_word' id='word_1_255' title='bbox 229 3194 300 3249; x_wconf 89' lang='lat' dir='ltr'><strong>utile</strong></span> <span class='ocrx_word' id='word_1_256' title='bbox 318 3201 369 3250; x_wconf 80' lang='lat' dir='ltr'><strong>out</strong></span> <span class='ocrx_word' id='word_1_257' title='bbox 386 3211 443 3249; x_wconf 90' lang='lat' dir='ltr'><strong>non</strong></span> <span class='ocrx_word' id='word_1_258' title='bbox 460 3193 567 3250; x_wconf 89' lang='lat' dir='ltr'><strong>humile</strong></span> <span class='ocrx_word' id='word_1_259' title='bbox 587 3193 723 3265; x_wconf 56' lang='lat' dir='ltr'><strong>Modvtffl</strong></span> <span class='ocrx_word' id='word_1_260' title='bbox 743 3197 793 3251; x_wconf 79' lang='lat' dir='ltr'><strong>tor</strong></span> <span class='ocrx_word' id='word_1_261' title='bbox 811 3194 935 3263; x_wconf 75' lang='lat' dir='ltr'><strong>praetuli</strong></span> <span class='ocrx_word' id='word_1_262' title='bbox 954 3193 997 3249; x_wconf 79' lang='lat' dir='ltr'><strong>vel</strong></span> <span class='ocrx_word' id='word_1_263' title='bbox 1017 3200 1130 3264; x_wconf 80' lang='lat' dir='ltr'><strong>propter</strong></span> 
     </span>
     <span class='ocr_line' id='line_1_33' title="bbox 103 3263 1129 3340; baseline -0.001 -19"><span class='ocrx_word' id='word_1_264' title='bbox 103 3265 336 3323; x_wconf 77' lang='lat' dir='ltr'><strong>odeimdationem</strong></span> <span class='ocrx_word' id='word_1_265' title='bbox 361 3265 468 3321; x_wconf 92' lang='lat' dir='ltr'><strong>humile</strong></span> <span class='ocrx_word' id='word_1_266' title='bbox 488 3266 517 3322; x_wconf 97' lang='lat' dir='ltr'><strong><em>A</em></strong></span> <span class='ocrx_word' id='word_1_267' title='bbox 541 3266 552 3340; x_wconf 72' lang='lat' dir='ltr'>u</span> <span class='ocrx_word' id='word_1_268' title='bbox 577 3266 593 3321; x_wconf 75' lang='grc'><strong>7</strong></span> <span class='ocrx_word' id='word_1_269' title='bbox 611 3267 641 3322; x_wconf 90' lang='lat' dir='ltr'><strong>te</strong></span> <span class='ocrx_word' id='word_1_270' title='bbox 663 3283 685 3323; x_wconf 86' lang='lat' dir='ltr'><strong>a.</strong></span> <span class='ocrx_word' id='word_1_271' title='bbox 698 3283 724 3322; x_wconf 86' lang='lat' dir='ltr'><strong>v.</strong></span> <span class='ocrx_word' id='word_1_272' title='bbox 745 3266 893 3323; x_wconf 60' lang='lat' dir='ltr'><strong>marea</strong></span> <span class='ocrx_word' id='word_1_273' title='bbox 913 3270 947 3320; x_wconf 78' lang='lat' dir='ltr'><strong>at</strong></span> <span class='ocrx_word' id='word_1_274' title='bbox 967 3263 1023 3320; x_wconf 72' lang='lat' dir='ltr'><strong>vid.</strong></span> <span class='ocrx_word' id='word_1_275' title='bbox 1042 3266 1129 3334; x_wconf 83' lang='lat' dir='ltr'><strong><em>A¹·⁸,</em></strong></span> 
     </span>
     <span class='ocr_line' id='line_1_34' title="bbox 103 3335 1130 3424; baseline -0.001 -31"><span class='ocrx_word' id='word_1_276' title='bbox 103 3339 195 3394; x_wconf 61' lang='lat' dir='ltr'><strong>verere</strong></span> <span class='ocrx_word' id='word_1_277' title='bbox 206 3338 376 3395; x_wconf 67' lang='lat' dir='ltr'><strong>immitsp</strong></span> <span class='ocrx_word' id='word_1_278' title='bbox 387 3339 398 3413; x_wconf 78' lang='grc'><strong>11</strong></span> <span class='ocrx_word' id='word_1_279' title='bbox 410 3337 429 3394; x_wconf 74' lang='grc'>9</span> <span class='ocrx_word' id='word_1_280' title='bbox 443 3337 535 3424; x_wconf 71' lang='lat' dir='ltr'><strong>egerit</strong></span> <span class='ocrx_word' id='word_1_281' title='bbox 548 3339 585 3407; x_wconf 88' lang='lat' dir='ltr'><strong>A,</strong></span> <span class='ocrx_word' id='word_1_282' title='bbox 597 3337 647 3395; x_wconf 76' lang='lat' dir='ltr'><strong>sed</strong></span> <span class='ocrx_word' id='word_1_283' title='bbox 659 3339 776 3395; x_wconf 64' lang='lat' dir='ltr'><strong>dmum</strong></span> <span class='ocrx_word' id='word_1_284' title='bbox 789 3352 805 3393; x_wconf 84' lang='lat' dir='ltr'><strong>e</strong></span> <span class='ocrx_word' id='word_1_285' title='bbox 818 3354 840 3394; x_wconf 86' lang='lat' dir='ltr'><strong>e.</strong></span> <span class='ocrx_word' id='word_1_286' title='bbox 849 3354 874 3393; x_wconf 85' lang='lat' dir='ltr'><strong>v.</strong></span> <span class='ocrx_word' id='word_1_287' title='bbox 889 3335 954 3392; x_wconf 82' lang='lat' dir='ltr'><strong>add.</strong></span> <span class='ocrx_word' id='word_1_288' title='bbox 968 3336 1033 3405; x_wconf 79' lang='lat' dir='ltr'><strong>fort.</strong></span> <span class='ocrx_word' id='word_1_289' title='bbox 1043 3354 1078 3394; x_wconf 82' lang='lat' dir='ltr'><strong>m.</strong></span> <span class='ocrx_word' id='word_1_290' title='bbox 1088 3340 1108 3392; x_wconf 80' lang='lat'><strong><em>2</em></strong></span> <span class='ocrx_word' id='word_1_291' title='bbox 1118 3337 1130 3412; x_wconf 83' lang='grc' dir='ltr'><strong>ΙΙ</strong></span> 
     </span>
     <span class='ocr_line' id='line_1_35' title="bbox 104 3407 1129 3484; baseline 0.001 -20"><span class='ocrx_word' id='word_1_292' title='bbox 104 3407 142 3464; x_wconf 80' lang='lat'><strong>14</strong></span> <span class='ocrx_word' id='word_1_293' title='bbox 159 3425 211 3465; x_wconf 84' lang='lat' dir='ltr'><strong>sue</strong></span> <span class='ocrx_word' id='word_1_294' title='bbox 228 3409 324 3484; x_wconf 62' lang='lat' dir='ltr'><strong>matun</strong></span> <span class='ocrx_word' id='word_1_295' title='bbox 338 3411 367 3466; x_wconf 92' lang='lat' dir='ltr'><strong><em>A</em></strong></span> <span class='ocrx_word' id='word_1_296' title='bbox 384 3414 442 3482; x_wconf 85' lang='lat' dir='ltr'><strong>(me</strong></span> <span class='ocrx_word' id='word_1_297' title='bbox 460 3428 493 3467; x_wconf 79' lang='lat' dir='ltr'><strong>m</strong></span> <span class='ocrx_word' id='word_1_298' title='bbox 510 3411 565 3479; x_wconf 65' lang='lat' dir='ltr'><strong>fiae</strong></span> <span class='ocrx_word' id='word_1_299' title='bbox 582 3427 650 3468; x_wconf 78' lang='lat' dir='ltr'><strong>verr.</strong></span> <span class='ocrx_word' id='word_1_300' title='bbox 664 3410 730 3467; x_wconf 81' lang='lat' dir='ltr'><strong>add.</strong></span> <span class='ocrx_word' id='word_1_301' title='bbox 744 3413 822 3478; x_wconf 67' lang='grc' dir='ltr'><strong>Μ)</strong></span> <span class='ocrx_word' id='word_1_302' title='bbox 844 3408 854 3482; x_wconf 68' lang='grc' dir='ltr'><em>Η</em></span> <span class='ocrx_word' id='word_1_303' title='bbox 878 3407 915 3464; x_wconf 77' lang='lat' dir='ltr'><strong>lt</strong></span> <span class='ocrx_word' id='word_1_304' title='bbox 936 3407 1043 3465; x_wconf 86' lang='lat' dir='ltr'><strong>interro</strong></span> <span class='ocrx_word' id='word_1_305' title='bbox 1082 3409 1129 3465; x_wconf 77' lang='lat' dir='ltr'><strong>tua</strong></span> 
     </span>
     <span class='ocr_line' id='line_1_36' title="bbox 104 3479 1139 3556; baseline -0.003 -19"><span class='ocrx_word' id='word_1_306' title='bbox 104 3479 133 3537; x_wconf 84' lang='lat' dir='ltr'><strong><em>A</em></strong></span> <span class='ocrx_word' id='word_1_307' title='bbox 150 3483 246 3552; x_wconf 77' lang='lat' dir='ltr'><strong>(gatus</strong></span> <span class='ocrx_word' id='word_1_308' title='bbox 263 3483 296 3538; x_wconf 75' lang='lat' dir='ltr'><strong>in</strong></span> <span class='ocrx_word' id='word_1_309' title='bbox 313 3499 368 3538; x_wconf 82' lang='lat' dir='ltr'><strong>ras.</strong></span> <span class='ocrx_word' id='word_1_310' title='bbox 378 3483 469 3553; x_wconf 79' lang='lat' dir='ltr'><strong>poulo</strong></span> <span class='ocrx_word' id='word_1_311' title='bbox 486 3483 591 3539; x_wconf 79' lang='lat' dir='ltr'><strong>maiore</strong></span> <span class='ocrx_word' id='word_1_312' title='bbox 608 3501 643 3538; x_wconf 83' lang='lat' dir='ltr'><strong>m.</strong></span> <span class='ocrx_word' id='word_1_313' title='bbox 658 3484 687 3553; x_wconf 76' lang='lat'><strong>5)</strong></span> <span class='ocrx_word' id='word_1_314' title='bbox 704 3481 715 3556; x_wconf 77' lang='grc' dir='ltr'><strong>ΙΙ</strong></span> <span class='ocrx_word' id='word_1_315' title='bbox 732 3480 769 3537; x_wconf 75' lang='lat'><strong>28</strong></span> <span class='ocrx_word' id='word_1_316' title='bbox 787 3496 870 3552; x_wconf 85' lang='lat' dir='ltr'><strong>speue</strong></span> <span class='ocrx_word' id='word_1_317' title='bbox 889 3479 951 3551; x_wconf 85' lang='lat' dir='ltr'><strong>ipse</strong></span> <span class='ocrx_word' id='word_1_318' title='bbox 964 3486 997 3537; x_wconf 75' lang='lat' dir='ltr'><strong>ut</strong></span> <span class='ocrx_word' id='word_1_319' title='bbox 1009 3481 1039 3536; x_wconf 74' lang='lat' dir='ltr'><strong>a·</strong></span> <span class='ocrx_word' id='word_1_320' title='bbox 1062 3481 1139 3544; x_wconf 69' lang='lat' dir='ltr'><strong>.A¹„</strong></span> 
     </span>
     <span class='ocr_line' id='line_1_37' title="bbox 103 3552 901 3627; baseline -0.006 -17"><span class='ocrx_word' id='word_1_321' title='bbox 103 3569 174 3610; x_wconf 74' lang='lat' dir='ltr'><strong>corr.</strong></span> <span class='ocrx_word' id='word_1_322' title='bbox 188 3571 223 3609; x_wconf 86' lang='lat' dir='ltr'><strong>m.</strong></span> <span class='ocrx_word' id='word_1_323' title='bbox 238 3559 256 3609; x_wconf 78' lang='lat'><strong><em>5</em></strong></span> <span class='ocrx_word' id='word_1_324' title='bbox 273 3555 284 3627; x_wconf 81' lang='grc' dir='ltr'><strong>ΙΙ</strong></span> <span class='ocrx_word' id='word_1_325' title='bbox 301 3552 338 3609; x_wconf 77' lang='lat'><strong>24</strong></span> <span class='ocrx_word' id='word_1_326' title='bbox 356 3553 525 3623; x_wconf 87' lang='lat' dir='ltr'><strong>oeoiditA¹,</strong></span> <span class='ocrx_word' id='word_1_327' title='bbox 542 3554 591 3611; x_wconf 82' lang='lat' dir='ltr'><strong>ard</strong></span> <span class='ocrx_word' id='word_1_328' title='bbox 608 3555 623 3610; x_wconf 86' lang='lat' dir='ltr'><strong>t</strong></span> <span class='ocrx_word' id='word_1_329' title='bbox 638 3559 739 3626; x_wconf 67' lang='lat' dir='ltr'><strong>postea</strong></span> <span class='ocrx_word' id='word_1_330' title='bbox 754 3569 841 3610; x_wconf 67' lang='lat' dir='ltr'><strong>eraso</strong></span> <span class='ocrx_word' id='word_1_331' title='bbox 858 3558 901 3605; x_wconf 78' lang='lat' dir='ltr'><strong>eat</strong></span> 
     </span>
    </p>
   </div>
   <div class='ocr_carea' id='block_1_4' title="bbox 0 0 1226 3846">
    <p class='ocr_par' dir='ltr' id='par_1_4' title="bbox 0 0 1226 3846">
     <span class='ocr_line' id='line_1_38' title="bbox 0 0 1226 3846; baseline 0 0"><span class='ocrx_word' id='word_1_332' title='bbox 0 0 1226 3846; x_wconf 95' lang='lat' dir='ltr'><strong> </strong></span> 
     </span>
    </p>
   </div>
  </div>
 </body>
</html>
