2438 3846
415 153 465 210 DE
483 152 548 214 IRA
566 152 633 210 LIB.
648 153 669 209 1.
702 153 780 211 cAP.
796 160 829 210 ιι
1091 157 1135 223 59

201 297 272 365 XII.
298 297 393 377 ‘Quid
417 298 529 387 ergot'
552 298 660 385 inquit
683 299 870 367 ‘virbonus
893 322 960 366 non
978 301 1135 384 iracitur,
1157 321 1170 368 1

112 390 141 455 si
170 389 260 455 caedi
289 393 414 474 patrem
441 411 536 455 suum
557 389 688 473 viderit,
712 390 740 454 si
762 391 834 474 rapi
856 389 1025 456 matremt’
1070 412 1137 456 non

111 479 280 561 irascetur,
318 478 373 544 sod
405 478 595 561 vindicabit,
632 479 688 544 sed
720 480 870 545 tuebitur.
917 479 997 563 quid
1029 483 1136 545 autem

110 569 220 651 times,
244 590 284 633 ne
314 590 430 653 parurn
459 590 595 654 magnus
626 569 675 633 illi
703 568 853 635 stimulus
875 569 973 634 etiam
997 569 1066 635 sine
1089 570 1137 634 ira

80 657 216 742 spietcs
249 657 313 722 sit?
358 660 414 722 aut
447 658 499 724 dic
525 657 638 723 eodem
665 657 776 724 modo:
800 655 890 743 ‘quid
917 658 1017 744 ergo?
1063 679 1137 724 cum

111 745 219 811 videat
250 746 352 812 secari
384 749 508 830 patrem
541 769 636 812 suum
667 747 825 831 filiumve,
853 748 904 812 vir
934 748 1039 814 bonus
1070 769 1137 812 non

111 834 204 903 flebit
232 858 292 902 nec
323 835 489 920 linquetur
519 834 661 901 animot'
715 857 798 920 quac
830 836 972 904 accidere
1008 837 1137 902 feminis

111 924 271 1009 videmus,
294 925 444 1010 quotiens
467 925 540 991 illas
562 926 643 991 levis
666 925 803 1011 periculi
825 926 967 1010 euspicio
990 926 1138 1010 perculit.

113 1014 222 1081 officia
244 1036 303 1079 sua
321 1015 371 1079 vir
389 1014 493 1082 bonus
511 1018 705 1100 exsequetur
722 1015 925 1099 inconfusus,
944 1015 1138 1100 intrepidus3
1157 1035 1172 1083 ι

67 1126 95 1168 ιι
112 1106 145 1169 ιι
174 1103 222 1169 ιιι
248 1104 334 1170 bono
356 1105 428 1169 viro
455 1103 555 1190 digna
576 1105 686 1188 faciet,
716 1108 754 1169 ut
776 1105 859 1172 nihil
881 1105 979 1170 faciat
1001 1106 1072 1170 viro
1092 1105 1138 1169 in·

113 1193 256 1279 dignum.
302 1195 394 1295 pater
424 1193 587 1258 caedetur:
619 1193 803 1296 defendam
838 1215 950 1259 caesus
988 1198 1049 1261 est:
1086 1215 1138 1259 ex·
1203 1194 1207 1202 '

113 1304 242 1367 sequar,
265 1283 343 1367 quia
366 1285 507 1385 oportet,
529 1304 597 1348 non
620 1283 697 1368 quia
719 1282 815 1351 dolet.
849 1281 1043 1348 nascuntur
1060 1283 1173 1351 bonie

112 1371 176 1436 viri
197 1393 258 1456 pro
281 1393 414 1437 suorum
437 1371 585 1438 iniuriis?
616 1394 691 1438 cum
713 1372 777 1438 hoc
795 1371 889 1456 dicis,
908 1371 1138 1457 Theophrasto,

113 1460 241 1544 qnaeris
264 1459 419 1527 invidiam
442 1464 594 1546 praecept
595 1461 623 1527 is
580 1461 831 1527 tfortioribus
850 1465 883 1526 ct
868 1461 994 1526 trelict
979 1464 1014 1526 to
1033 1460 1138 1527 iudice

68 1572 95 1613 ιι
113 1549 154 1614 ed
173 1570 325 1615 coronam
339 1551 444 1615 venis·
461 1551 538 1639 quia
551 1551 773 1636 unusquisque
786 1551 821 1614 in
835 1550 993 1616 eiusmodi
1006 1572 1139 1616 suorum

113 1660 190 1705 casu
208 1639 358 1704 irascitur
361 1643 484 1724 ,putas
502 1639 700 1706 iudicaturos
719 1639 866 1705 homines
884 1639 918 1704 id
932 1640 1002 1704 fieri
1025 1638 1139 1705 debere

114 1726 202 1812 quod
224 1727 364 1812 faciunt3
386 1729 453 1794 fere
474 1729 562 1794 enim
585 1729 707 1795 iustum
730 1731 867 1814 quisque
889 1729 984 1796 affect
984 1751 1040 1794 um
1058 1728 1140 1793 iudi·

115 1819 168 1882 cat
200 1839 296 1902 quem
333 1777 509 1905 adgnoscit.
487 1819 612 1884 tsed
634 1818 719 1886 idem
743 1818 880 1902 faciunt,
908 1819 936 1884 si
958 1819 1051 1883 calda
1073 1839 1175 1888 none

114 1906 195 1972 bene
215 1907 400 1993 praebetur,
424 1907 452 1972 si
469 1908 517 1973 vit
503 1911 608 1973 treum
631 1908 838 1974 fractumt
789 1911 849 1991 est,
873 1908 901 1972 si
920 1908 1045 1973 calceus
1068 1908 1139 1972 luto
1172 1951 1173 1954 κ

68 2017 95 2059 ιι
115 2018 245 2081 sparsus
264 2000 320 2061 ιιι.
353 2018 420 2062 non
434 1996 537 2081 pietas
556 1998 670 2063 illam
661 2019 743 2062 ιιιιιι
766 1997 822 2062 sed
837 1958 1008 2063 infirmitas
1022 1999 1139 2078 movet,

115 2085 199 2150 sicut
221 2085 345 2170 pueris,
369 2085 426 2170 qui
448 2089 516 2175 tam
538 2087 725 2171 parentibus
749 2085 876 2152 amissis
895 2085 1019 2150 fiebunt
1005 2089 1140 2169 tquam

114 2168 302 2240 nucibus
292 2176 388 2240 irasci
401 2196 460 2260 pro
482 2175 548 2240 suis
566 2197 633 2242 non
661 2179 710 2241 est
733 2176 779 2260 pii
803 2175 903 2240 animi
931 2174 987 2240 sed
1005 2172 1175 2257 infirmi35

115 2263 197 2328 illud
228 2265 402 2349 pulchrum
440 2263 650 2350 dignumque,
687 2286 747 2348 pro
782 2264 984 2366 parentibus,
1019 2263 1140 2346 liberis,

115 2351 241 2436 amicis,
264 2353 388 2419 civibus
412 2353 541 2437 prodire
561 2353 787 2420 defensorem
778 2376 851 2438 ipso
871 2352 980 2438 officio
996 2351 1140 2435 ducente,

69 2461 96 2504 ιι
114 2441 289 2525 volentem,
319 2442 529 2527 iudicantem,
558 2442 793 2528 providentem,
823 2464 890 2507 non
919 2442 1084 2527 inpulsum
1108 2445 1140 2506 et

115 2530 270 2597 rabidum.
316 2531 425 2596 nullus
449 2532 535 2597 enim
558 2532 690 2598 affectus
713 2531 898 2596 vindicandi
922 2531 1069 2615 cupidior
1091 2534 1140 2594 ιιι

116 2640 214 2706 quam
246 2620 294 2688 ira
326 2624 359 2686 ct
392 2621 434 2686 ob
463 2621 497 2686 id
523 2621 630 2706 ipsum
658 2620 699 2686 ad
722 2620 950 2686 vindicandum
973 2618 1140 2684 inhabilis:

116 2709 305 2794 praerapida
328 2713 360 2774 et
378 2732 502 2796 amens,
525 2713 562 2776 ut
581 2710 685 2775 omnis
704 2709 770 2774 fere
789 2709 963 2794 cupiditas,
986 2709 1058 2793 ipsa
1078 2707 1140 2773 sibi

206 2884 222 2939 1
241 2883 374 2939 irascitur
388 2885 416 2939 A
435 2884 574 2940 irascetur
590 2885 618 2941 L
636 2890 663 2940 et
681 2885 793 2952 Murra·
810 2883 883 2939 illud
901 2901 915 2939 ι
933 2883 1051 2939 Senecae
1067 2897 1141 2937 more

116 2956 263 3012 tenendam
280 2972 337 3011 ιιιι
353 2955 483 3012 videncet
501 2956 669 3011 Waldaestel
685 2962 712 3012 et
730 2955 923 3010 Hammelratb
949 2955 952 3027 ι
974 2953 1049 3009 ιι
1031 2953 1139 3027 ammas]

117 3026 159 3082 A¹
177 3027 303 3097 (naam
321 3033 447 3095 coeperat
468 3028 590 3097 partem)
614 3026 625 3098 d
650 3027 669 3082 6
685 3026 785 3082 uideat
798 3027 827 3081 A
845 3025 986 3081 uideris
1009 2972 1029 3098 Γ
1044 3040 1141 3080 necari

117 3098 187 3181 coni
203 3098 320 3153 Wolters
333 3104 359 3152 et
372 3113 425 3181 epo
431 3097 441 3170 d
454 3098 472 3152 ι
486 3100 656 3182 exsequetur
667 3098 695 3152 A
708 3100 773 3153 item
786 3097 821 3153 11
836 3112 974 3166 exsequar
985 3096 997 3169 {l
1010 3096 1046 3152 Ιι
1058 3096 1141 3152 cerba

117 3168 278 3223 irascuntur
291 3166 400 3223 boni'
371 3169 428 3222 uiri
440 3185 492 3238 pro
507 3184 621 3223 suorum
638 3169 750 3223 iniuriis
766 3169 799 3223 in
812 3169 873 3224 AL
890 3168 971 3236 infra
987 3184 1012 3224 ι.
1028 3171 1064 3222 18
1077 3172 1142 3237 post

118 3238 268 3309 adgnoscit
286 3239 430 3310 truncatam
448 3241 501 3295 ιιι
518 3241 690 3310 ιιιιιιιιιιι
708 3239 791 3295 Gertz
807 3238 819 3311 Ιι
837 3238 873 3294 13
892 3237 1030 3294 dicisthso
1045 3239 1141 3308 preste

118 3311 276 3366 spartace
287 3316 359 3367 recte
371 3312 468 3368 divisit
481 3318 507 3366 et
519 3313 702 3382 aspirationis
714 3327 798 3438 appa
797 3329 824 3367 m
840 3317 859 3377 ι-
874 3327 894 3366 ι.
905 3329 929 3366 ι.
942 3310 1007 3366 add.
1016 3326 1090 3365 man.
1100 3308 1143 3382 ιι

119 3381 154 3437 18
173 3382 323 3453 adgnoscit
335 3383 364 3438 A
383 3383 506 3454 (dposte
506 3399 525 3438 c
542 3385 690 3453 ιιιιιιιι)
681 3381 718 3455 NJ
790 3371 947 3438 infirmatas
966 3398 1034 3437 corr
1049 3383 1081 3436 in
1099 3308 1143 3434 in⁰

119 3453 238 3508 firmitas
250 3453 294 3510 A¹
350 3384 394 3509 ιι(
408 3389 615 3510 ιοΙιιιιιιιιωφτι
566 3454 635 3526 cotp
655 3383 769 3510 noldnte
783 3454 837 3526 At
868 3452 903 3510 ιι
923 3458 988 3523 post
1006 3449 1141 3506 inhabilis

122 3523 203 3580 Gertz
221 3523 430 3598 eracapere
448 3525 635 3597 praerapidns
650 3525 710 3582 AL
729 3541 801 3583 corr
