2438 3846
123 165 189 248 223
311 161 342 217 n.
356 131 499 216 nuiss
517 159 682 216 enuncia
701 159 796 215 omn.
811 159 880 214 irs.
894 149 954 215 vn.

88 325 105 373 e
124 307 183 392 ibi,
209 306 266 373 ubi
287 328 403 373 nooere
424 329 492 372 non
514 309 573 392 pot
598 307 630 370 't
676 307 723 373 sie
743 309 867 372 vestras
889 303 1148 372 halucinationes

124 397 194 462 fero
218 396 487 480 quemadmodum
506 394 651 481 luppiter
669 395 811 481 optimus
830 396 990 461 maximus
1008 394 1149 479 ineptius

125 487 307 571 poetarum,
326 507 464 571 quorum
483 486 566 551 alius
584 485 632 551 illi
651 485 718 551 alas
737 485 895 571 inposuit,
915 484 998 550 alius
1016 504 1149 569 cornua,

127 573 208 640 alius
239 574 421 640 adulterum
451 575 545 640 illum
575 574 703 640 induxit
734 578 766 640 at
793 575 1033 657 abnoctantem,
1064 573 1149 640 alius

127 684 256 730 saevom
279 663 315 729 in
337 664 428 748 deos,
455 664 537 730 alius
560 664 707 748 iniquom
730 664 764 730 in
786 663 948 747 homines,
970 662 1053 729 elius
1075 685 1150 748 rap·
1180 681 1193 725 s

126 756 230 818 torem
253 753 468 840 ingenuorum
486 758 519 820 et
541 758 753 841 cognatorum
777 753 920 839 quidem,
942 752 1025 830 alius
1048 753 1151 836 parri·

127 841 231 909 eidam
255 846 288 908 et
304 842 397 929 regni
415 843 512 909 alieni
530 844 720 929 paternique
739 844 1008 929 expugnatorem:
1031 841 1150 925 quibus

126 929 210 996 nihil
231 931 320 999 uliud
343 935 451 1000 uotum
474 936 537 1016 est,
560 954 657 1017 quam
679 937 717 999 ut
738 932 844 1017 pudor
866 930 1053 1000 hominibus
1077 952 1151 1016 pse

91 1021 222 1087 teandi
245 1021 436 1106 demeretur,
460 1023 489 1088 si
510 1023 592 1088 tales
613 1021 690 1088 deos
710 1021 927 1088 eredidissent.
965 1019 1021 1087 sed
1040 1042 1152 1105 quam-

129 1130 226 1199 quam
252 1111 316 1177 ista
343 1133 394 1177 me
416 1110 500 1177 nihil
521 1110 663 1197 laedant,
692 1114 800 1177 vestra
821 1114 930 1176 tumen
951 1131 1010 1176 vos
1033 1131 1151 1176 moneo
1171 1130 1195 1171 ro

128 1219 237 1264 eausa:
269 1200 421 1285 suspicite
453 1200 618 1286 virtutem,
651 1200 770 1267 eredite
802 1201 856 1283 iis,
887 1199 945 1285 qui
973 1200 1065 1265 illam
1076 1196 1084 1208 ²
1096 1199 1152 1264 diu

109 1289 232 1359 ¹seeuti
258 1310 413 1375 magnum
441 1289 593 1375 quiddam
620 1290 709 1375 ipsos
732 1293 765 1355 et
788 1290 875 1375 quod
898 1290 932 1355 in
955 1288 1023 1354 dies
1046 1287 1152 1354 mains

96 1463 97 1466 Ἴ
129 1381 282 1463 appareat
300 1379 392 1464 sequi
409 1379 562 1464 clamant,
581 1384 614 1446 et
631 1382 735 1466 ipsum
753 1383 791 1445 ut
810 1379 886 1445 deos
900 1400 938 1469 ae
952 1377 1152 1464 professores

129 1467 198 1532 eius
226 1471 263 1533 ut
293 1468 454 1535 antistites
478 1470 574 1536 solite
597 1472 643 1555 et,
671 1470 820 1555 quotiens
844 1469 965 1535 mentio
990 1488 1153 1534 saoramm

129 1555 310 1622 litterarum
346 1558 567 1643 intervenerit,
603 1558 708 1625 favete
739 1558 869 1645 linguis.
923 1558 987 1624 hoe
1018 1556 1153 1623 verbnm
1171 1576 1197 1618 rs

129 1666 211 1729 non,
241 1648 279 1712 ut
311 1647 455 1732 plerique
488 1648 687 1732 existimant,
718 1671 738 1713 a
770 1649 881 1714 favore
910 1646 1064 1731 trahitur,
1096 1644 1155 1712 sed

131 1735 269 1820 imperet
296 1736 474 1821 silentium,
501 1740 538 1801 ut
564 1737 626 1804 rite
652 1737 764 1824 peragi
786 1736 891 1823 possit
914 1757 1040 1804 ssorum
1063 1735 1155 1802 nulla

130 1845 209 1890 vose
232 1825 318 1890 mala
340 1829 559 1911 opstrepente:
573 1826 669 1912 quod
693 1827 796 1892 multo
815 1826 919 1914 magis
937 1825 1155 1892 necessarium

132 1917 182 1979 est
207 1913 360 1999 imperari
386 1915 494 1999 vobis,
525 1919 576 1999 ut,
605 1916 754 2001 quotiens
782 1916 905 2002 aliquid
933 1937 974 1981 ex
1000 1916 1058 1981 illo
1081 1935 1155 1999 pro·

131 2003 252 2069 feretur
288 2005 432 2089 oraoulo,
468 2005 585 2071 intenti
616 2009 648 2071 et
680 2027 864 2091 compressa
895 2026 975 2071 voce
1006 2002 1199 2070 audistisne

97 2107 206 2158 eoum
239 2093 371 2160 sistrum
400 2093 517 2178 aliquis
547 2095 733 2160 oonoutiens
762 2117 802 2161 ex
829 2093 965 2180 imperio
988 2093 1165 2177 mentitur,

133 2202 207 2247 eum
231 2182 348 2268 aliquis
371 2182 500 2250 seoandi
521 2185 658 2250 leoertos
677 2205 753 2250 suos
773 2184 889 2251 artifex
907 2182 1038 2250 brachia
1056 2185 1156 2267 atque

133 2292 261 2337 umeros
289 2292 444 2356 suspensa
470 2294 569 2338 menu
596 2277 757 2358 cruentat,
784 2295 858 2340 eum
889 2273 998 2358 aliqua
1019 2271 1156 2359 genibus

134 2382 192 2446 per
219 2360 305 2427 viem
335 2384 450 2447 repens
480 2363 585 2428 ululat
613 2363 805 2448 laurumque
826 2363 980 2429 linteatus
1004 2382 1103 2428 senex
1125 2363 1158 2426 et

134 2450 239 2516 medio
266 2451 430 2517 lucernam
457 2451 509 2517 die
538 2452 720 2537 praeferens
750 2448 932 2519 eonolamat
958 2449 1159 2546 iratum0ali·
1176 2469 1202 2511 rs

225 2679 242 2734 1
260 2678 395 2735 halueina
412 2681 542 2735 nationes
556 2681 584 2736 A
606 2679 616 2753 ll
638 2680 656 2735 ὖ
674 2682 817 2750 ruptorem
836 2683 1023 2752 ingenuorum
1037 2681 1160 2752 Mudotp

136 2752 281 2835 raptorum
299 2751 486 2838 ingenuorum
504 2752 695 2837 corruptorem
708 2755 743 2838 A
759 2753 808 2838 sed
825 2770 887 2807 rum
906 2756 938 2809 in
955 2754 1103 2837 raptorum
1116 2751 1160 2808 As

136 2839 168 2907 sp
191 2839 247 2880 ras.
265 2839 369 2909 masere
386 2824 467 2880 solito
484 2821 670 2909 eompeadsese
686 2830 809 2928 smpssp,
828 2827 1020 2910 sumptorem
1037 2831 1104 2880 mm
1117 2823 1160 2880 A⁶

137 2965 467 3038 ,ss
640 2895 781 3024 a·
802 2896 1158 2965 r
1213 2940 1217 2949 ·

137 3037 374 3193 ml⁰
386 3037 668 3182 piasset.
677 3041 902 3195 {ses-1}
922 3039 926 3112 ¹
956 3038 1164 3195 “ros

137 3180 205 3235 deal.
224 3181 257 3236 X
274 3185 347 3250 14,1
372 3198 453 3238 soors
475 3182 636 3239 litterarum
653 3184 682 3239 A
708 3198 852 3237 sacrarum
872 3184 995 3237 vitarum
1014 3181 1136 3253 Mudmp
1152 3181 1164 3254 ΙΙ

139 3250 174 3306 15
186 3250 261 3307 huie.
287 3251 406 3338 nerhum
419 3254 448 3309 A
464 3270 532 3311 corr.
547 3255 616 3326 oolp.
630 3255 640 3326 {t
658 3252 694 3309 lt
708 3252 883 3321 adseverem
898 3253 1022 3337 Lipsius·
1031 3252 1042 3326 ll
1060 3251 1094 3309 lt
1109 3252 1163 3340 im·

138 3325 221 3394 perat
236 3324 319 3412 Gertz·
334 3327 492 3412 imperetur
503 3328 532 3383 A
549 3325 560 3400 ll
578 3324 613 3384 ls
631 3341 702 3412 noes
719 3324 797 3381 male
810 3325 853 3383 A⁶
865 3341 966 3382 uocem
984 3323 1044 3395 alja
1061 3329 1093 3380 at
1106 3322 1163 3382 md.

138 3395 181 3450 A¹
209 3395 213 3467 l
235 3394 271 3452 28
289 3412 324 3451 eu
343 3396 440 3467 aliqua
453 3400 482 3455 A
501 3398 534 3455 de
551 3413 713 3469 pronaum
729 3398 780 3468 ott.
798 3397 861 3455 een.
878 3401 997 3454 costos
1012 3396 1045 3451 X
1061 3398 1122 3464 3,2
1138 3401 1165 3452 et

139 3469 217 3534 mo
235 3470 276 3594 ff.
295 3473 424 3598 4722&
441 3474 554 3540 490,10
572 3475 598 3526 et
616 3473 651 3526 13
671 3469 767 3540 msa.)
790 3484 855 3524 oum
878 3466 983 3537 aliquis
1005 3467 1074 3538 sely.
1098 3482 1165 3522 eum

165 3553 202 3593 ιιι
261 3555 321 3609 qua
369 3547 428 3600 ortt

149 3555 164 3584 r
218 3554 238 3594 a
