2438 3846
234 187 285 242 AD
305 185 519 243 GALLIONEM
536 186 587 241 DE
604 184 693 241 VITA
710 185 834 241 ΒΕΑΤΑ
853 184 930 241 OAP.
945 192 979 241 21
1052 189 1118 255 219

99 333 332 487 ffiquidemf,
362 331 449 486 {uod
478 332 631 486 virtutefim
659 332 880 486 lcultolrem'que
904 332 972 398 eius
996 332 1119 487 ofdistis,

416 470 423 484 .
690 442 723 485 m
759 443 781 485 u
1107 458 1120 470 ·

100 511 178 576 une
200 443 441 578 ttltt
459 443 544 576 tit
562 443 765 596 {elidam
781 443 1120 596 wilt,

100 622 181 685 quae
211 601 251 665 ad
281 600 422 685 primum
450 600 519 665 eius
550 604 657 666 ortum
686 603 818 684 stupent
845 603 877 665 et
903 600 1038 666 latibula
1061 622 1120 667 sua

25 753 27 757 Α
68 690 220 777 spassim
242 693 369 774 petunt,
392 689 554 755 abduntur
576 689 611 754 in
633 689 757 774 aliquas
781 689 878 754 rimas
896 689 1011 754 timida
1027 690 1118 756 lucis.

73 831 78 843 .
99 779 218 866 gemite
236 782 270 843 et
286 779 447 845 infelicem
465 778 611 865 linguam
629 779 788 844 bonorum
807 783 950 844 exercete
964 779 1119 864 convicio,

98 869 199 952 hiate,
222 867 441 934 commordete:
464 868 560 934 citius
583 868 685 933 multo
709 867 864 953 frangetis
888 867 999 933 dentes
1023 889 1120 953 quam

99 957 298 1042 imprimetis.

188 1078 273 1146 XXI.
312 1078 443 1158 “Quare
476 1081 531 1145 ille
561 1079 786 1165 philosophiae
814 1080 978 1146 studiosus
1009 1084 1058 1146 est
1087 1085 1155 1148 etl

53 1194 81 1234 lo
97 1174 165 1235 tam
189 1168 278 1235 dives
300 1169 401 1235 vitam
424 1170 514 1256 agit?
550 1191 649 1254 quare
673 1190 750 1254 opes
772 1169 1023 1236 contemnendas
1042 1169 1121 1236 dicit

99 1263 132 1324 et
152 1257 273 1323 habet?
308 1258 409 1324 vitam
432 1259 700 1324 contemnendam
722 1261 817 1342 putat
839 1263 872 1325 et
889 1263 999 1324 tamen
1017 1258 1120 1325 vivit?

98 1347 315 1414 valetudinem
330 1348 596 1415 contemnendam
611 1352 644 1414 et
656 1351 766 1413 tamen
774 1347 865 1412 illam
875 1347 1121 1434 diligentissime

97 1440 208 1503 tuetur
244 1441 340 1522 atque
377 1437 533 1522 optimam
569 1435 713 1502 mavolt?
767 1441 800 1502 et
836 1436 969 1502 exilium
1001 1459 1120 1502 vanum

98 1548 217 1592 nomen
245 1529 340 1612 putat
367 1530 400 1594 et
426 1527 484 1590 ait:
516 1526 609 1611 ‘quid
636 1526 722 1591 enim
750 1530 799 1592 est
821 1525 899 1591 mali
926 1530 1051 1592 mutare
1074 1550 1121 1593 re·

54 1636 81 1680 re
99 1615 250 1704 giones?'
296 1618 482 1700 ettamen,
510 1615 659 1698 silicet,
688 1615 826 1680 senescit
853 1615 888 1680 in
915 1615 1042 1700 patria?
1088 1620 1120 1682 et

98 1705 183 1770 inter
203 1704 335 1792 longius
358 1708 486 1789 tempus
511 1708 543 1769 et
565 1700 694 1770 brevius
716 1704 801 1769 nihil
818 1704 972 1771 interesse
991 1704 1122 1789 iudicat,

98 1798 220 1880 tamen,
243 1793 272 1861 si
292 1793 377 1858 nihil
398 1793 562 1877 prohibet,
585 1793 729 1859 extendit
751 1797 888 1859 aetatem
911 1796 943 1858 et
965 1793 1000 1858 in
1018 1796 1122 1859 multa

99 1886 262 1952 senectute
292 1882 439 1968 placidus
468 1882 600 1948 viret?''
634 1883 679 1949 ait
707 1883 771 1950 ista
801 1883 916 1950 debere
948 1884 1154 1967 contemnis

54 2083 82 2124 2⁰
98 1993 248 2127 ffl'and
275 1971 746 2127 mbflat'baedffiYJZ'Uiffim
768 1972 1121 2128 habedehrnondiabhgst

100 2150 230 2235 quidem
248 2082 1120 2236 dhisdutidseddnrtunaddpdddetpdhsddruihi,unddlsidd

101 2239 243 2325 querella
259 2239 422 2305 reddentis
440 2242 607 2322 receptura
625 2239 695 2305 est?
726 2239 768 2304 Μ.
789 2238 868 2304 Cato
887 2260 962 2304 cum
974 2239 1121 2306 laudaret
1139 2255 1155 2305 3

100 2327 233 2395 carim
265 2332 297 2393 et
329 2326 566 2394 Coruncanium
598 2332 631 2394 et
661 2328 743 2394 illud
774 2329 952 2413 saeculum,
988 2329 1024 2394 in
1055 2350 1120 2414 quo

101 2419 282 2485 censorium
310 2418 432 2484 crimen
455 2423 523 2483 erat
545 2440 666 2503 paucae
688 2418 815 2505 argenti
836 2418 997 2502 lamellae,
1019 2417 1120 2503 possi·

55 2527 82 2568 as
101 2507 196 2573 debat
228 2508 297 2592 ipse
330 2507 520 2594 quadragies
553 2507 751 2591 sestertium,
782 2506 888 2577 minus
921 2506 989 2572 sine
1022 2506 1119 2573 dubio

101 2617 198 2682 quam
233 2594 379 2680 Crassus,
412 2596 487 2680 plus
524 2619 622 2682 quam
655 2595 824 2663 Censorius
857 2593 945 2660 Oato.
1000 2597 1120 2662 maiore

101 2686 216 2770 spatio,
235 2686 263 2750 si
281 2688 517 2770 comparentur,
533 2707 689 2772 proavom
707 2686 836 2770 vicerat,
855 2706 952 2769 quam
970 2706 990 2748 a
1006 2682 1120 2750 Crasso

190 2911 208 2966 2
232 2915 261 2968 et
283 2919 347 2968 cate
369 2912 457 2968 solem
479 2930 500 2968 s.
515 2930 539 2968 o.
554 2913 620 2968 cdd.
634 2913 698 2980 sort.
712 2912 753 2968 A’
774 2912 825 3040 w
846 2912 925 2967 hiete
946 2913 1121 2982 Boccarcs'as

100 2983 203 3057 hislate
221 2983 262 3039 A²
280 2985 328 3039 sed
345 2986 408 3052 fieri
461 2991 523 3050 teet,
541 2991 574 3039 ct
591 2992 727 3053 pometum
744 3001 778 3039 su
814 3002 827 3038 s
845 2984 992 3051 formitem
1010 2985 1047 3040 sit
1064 2983 1121 3037 his-

101 3055 158 3110 cite
175 3057 207 3110 ic
224 3070 310 3126 mare.
330 3054 370 3110 A⁶
391 3056 402 3127 11
421 3001 489 3109 doct
506 3057 566 3109 tam
580 3061 606 3110 A
625 3057 768 3111 ettamen
786 3056 884 3111 Haece
905 3055 915 3126 ll
940 3054 976 3110 10
999 3056 1122 3109 contem-

101 3124 209 3182 nendae
222 3124 263 3181 A⁶
280 3127 312 3180 ia
330 3143 382 3197 my.
402 3125 610 3198 contemnelbas
626 3126 666 3181 A¹
690 3125 700 3197 ll
724 3125 760 3181 14
783 3127 867 3195 putat
884 3124 953 3194 colo.
973 3127 1077 3195 putant
1095 3131 1121 3180 A

101 3197 175 3252 ande
188 3196 325 3254 Schultess
343 3199 448 3267 putans
468 3196 538 3251 dicit
551 3213 605 3266 pro
623 3198 708 3266 putat
726 3199 755 3252 et
775 3198 817 3251 cit
835 3197 904 3253 coci.
922 3195 925 3266 l
943 3196 1066 3266 regionis
1081 3195 1121 3251 A¹

101 3283 170 3324 corr.
184 3267 250 3336 tort.
264 3271 333 3324 Μ
353 3267 363 3341 ll
386 3268 420 3324 17
440 3270 539 3336 <et>
557 3270 655 3323 tamen
674 3269 794 3338 Madvig
814 3268 825 3341 ll
847 3267 881 3321 21
900 3267 1016 3339 sfundefl
1031 3267 1071 3322 Αὁ
1089 3269 1121 3321 in

100 3342 157 3409 fine
172 3355 240 3397 cers.
264 3341 328 3410 (pro
347 3356 362 3395 e
380 3339 421 3395 A¹
439 3341 572 3396 Micerat
588 3340 623 3409 ie)
646 3338 656 3412 lt
678 3339 713 3394 23
732 3338 803 3394 illud
821 3341 889 3411 cole.
908 3337 985 3409 illjut
998 3345 1024 3394 A
1048 3341 1072 3410 (t
1088 3341 1121 3394 ia

103 3411 122 3465 d
139 3427 209 3468 corr.
227 3427 263 3468 m.
280 3413 309 3482 2)
333 3411 337 3483 l
368 3411 405 3466 24
427 3411 584 3467 censorium
602 3425 620 3466 s
642 3427 676 3468 cc
694 3427 762 3468 corr.
777 3418 803 3467 ct
819 3430 854 3467 m.
868 3427 961 3467 recens
978 3413 1010 3466 ia
1027 3426 1079 3482 my.
1094 3417 1120 3466 A

102 3497 154 3538 nec
172 3482 277 3538 corium
291 3488 317 3538 A
368 3484 431 3538 erat
443 3489 469 3538 A
488 3485 569 3537 erant
589 3483 689 3538 Gmter
711 3482 723 3555 ll
745 3482 781 3538 25
800 3481 1041 3553 quadringentiee
1057 3484 1134 3534 cont„

102 3553 218 3625 tineae
232 3553 245 3626 tl
261 3552 297 3609 27
316 3555 548 3624 compararentur
566 3555 732 3629 Wesenberg
