2438 3846
116 175 181 242 ‘296
318 173 349 226 ι.
364 168 693 227 ιιιιιιιιι·ιιιιιιιιοιιι
712 167 807 224 omn.
823 168 890 224 nna
904 167 939 224 x.

117 341 255 403 quorum
275 316 370 403 digiti
389 317 522 401 aliquod
540 316 625 381 intra
640 338 673 382 se
688 337 817 381 carmen
831 315 1001 381 metientes
1015 334 1146 400 semper

116 411 248 490 sonant,
272 428 422 491 quorum,
446 428 520 471 cum
540 405 648 471 adres
668 406 780 489 serias,
804 405 903 470 etiam
921 426 1016 490 saepe
1034 405 1145 471 tristes

117 496 255 561 adhibiti
278 500 366 580 sunt,
390 496 562 562 exauditur
578 495 679 561 tacita
697 494 899 560 modulatio?
938 515 1006 560 non
1023 494 1147 560 habent

80 605 97 654 ι
117 587 172 652 isti
196 587 313 670 otium,
337 586 393 651 sed
416 586 502 651 iners
525 585 703 672 negotium.
750 585 899 650 convivia
922 606 973 649 me
996 583 1145 651 hercules

116 676 232 740 horum
256 697 323 740 non
346 675 510 759 posuerim
533 676 619 740 inter
640 675 790 741 vacantia
811 677 972 759 tempora,
1001 695 1076 739 cum
1098 674 1146 738 ri-
1176 691 1188 734 ι

117 765 222 848 deam,
256 785 353 847 quam
384 765 517 830 solliciti
548 767 719 851 argentum
750 763 914 847 ordinent,
945 783 1043 846 quam
1074 761 1146 828 dili-

116 858 230 941 genter
261 854 462 919 exoletorum
492 875 625 919 suorum
655 853 781 918 tunicas
812 853 1018 939 succingant,
1047 873 1146 938 quam

116 943 265 1028 suspensi
289 944 369 1027 sint,
392 944 555 1027 quomodo
580 965 658 1028 aper
681 966 700 1007 a
723 964 811 1009 coco·
822 945 927 1026 exeat,
951 964 1017 1026 qua
1035 942 1147 1007 celeri·

115 1036 183 1098 tate
206 1033 300 1118 signo
324 1032 399 1097 dato
424 1032 529 1119 glabri
548 1031 589 1098 ad
607 1032 787 1097 ministeria
806 1032 1001 1116 discurrant,
1023 1034 1147 1116 quanta

116 1125 185 1187 arte
204 1122 391 1187 scindantur
410 1142 484 1187 aves
503 1123 539 1187 in
556 1121 661 1188 frusta
678 1144 746 1187 non
764 1122 922 1205 enormia,
946 1142 1044 1206 qnam
1063 1121 1146 1186 curi-
1164 1140 1189 1181 ιι

117 1233 171 1276 ose
195 1212 340 1277 infelices
363 1212 492 1296 pueruli
515 1212 678 1278 ebriorum
697 1214 794 1296 sputa
812 1211 1012 1298 detergeant:
1035 1231 1076 1275 ex
1093 1209 1146 1275 his

117 1301 295 1387 elegantiae
322 1302 534 1385 lautitiaeque
563 1300 651 1367 fama
678 1303 827 1386 captatur
855 1304 889 1366 et
916 1322 1020 1385 nsque
1048 1321 1087 1365 co
1111 1300 1147 1365 in

117 1411 228 1456 omnes
256 1391 342 1454 vitae
372 1412 516 1456 secessus
545 1391 631 1455 mala
653 1412 712 1455 sua
734 1391 809 1455 illos
833 1393 999 1474 secuntur,
1026 1393 1064 1454 ut
1085 1410 1147 1454 nec

81 1495 97 1542 c
117 1478 229 1543 bibant
248 1480 318 1544 sine
337 1480 514 1545 ambitione
532 1500 593 1545 nec
611 1479 716 1545 edant.
757 1501 799 1544 ne
817 1479 892 1545 illos
912 1478 1044 1562 quidem
1062 1479 1148 1544 inter

118 1569 239 1633 otiosos
269 1570 521 1654 numeraverim,
550 1569 607 1652 qui
637 1569 718 1634 sella
750 1589 784 1633 se
814 1573 847 1633 et
874 1569 992 1634 lectica
1020 1567 1087 1633 huc
1114 1571 1149 1634 et
1165 1585 1190 1628 ιι

118 1657 195 1722 illuc
218 1657 326 1722 ferunt
349 1662 382 1723 et
405 1658 446 1723 ad
469 1659 687 1744 gestationum
710 1679 857 1741 suarum,
885 1658 978 1742 quasi
1001 1656 1148 1722 deserere

117 1746 189 1810 illas
216 1768 285 1811 non
311 1747 422 1831 liceat,
449 1745 546 1812 horas
570 1748 759 1831 occurrunt,
786 1768 868 1832 quos
892 1745 1024 1831 quando
1044 1744 1148 1811 lavari

117 1834 268 1920 debeant,
291 1836 420 1919 quando
439 1839 565 1920 natare,
584 1837 714 1921 quando
734 1857 862 1921 cenare,
879 1835 962 1912 alius
981 1835 1147 1901 admonet:

21 1980 22 1983 ,
118 1921 178 2008 [et]
203 1945 305 2008 usque
329 1947 367 1991 eo
390 1925 492 1990 nimio
516 1925 645 1992 delicati
668 1926 768 1991 animi
789 1926 948 2012 languore
966 1926 1148 2008 solvuntur,

83 2017 155 2077 uut
177 2034 235 2097 per
258 2035 291 2078 se
315 2015 396 2080 scire
419 2036 487 2079 non
509 2014 651 2099 possint,
674 2038 716 2081 an
734 2016 890 2081 esuriant!
932 2013 1029 2081 audio
1049 2035 1148 2098 quen·
1165 2032 1192 2074 ιι

118 2102 192 2166 dam
223 2125 263 2167 ex
293 2103 437 2171 delicatis
461 2105 557 2169 —si
587 2104 684 2170 modo
716 2104 848 2171 deliciae
878 2104 1043 2171 vocandae
1071 2106 1148 2169 sunt

116 2191 217 2257 vitam
247 2196 279 2256 et
306 2193 573 2260 consuetudinem
600 2194 776 2261 humanam
800 2194 963 2260 dediscere
987 2231 1046 2279 -,
1073 2214 1148 2260 cum

118 2303 157 2346 ex
180 2281 297 2347 balneo
320 2281 405 2349 inter
427 2305 542 2349 manus
566 2285 726 2350 elatust
694 2288 784 2350 etin
752 2285 758 2298 '
748 2286 886 2350 maella
908 2284 1035 2369 positus
1054 2287 1148 2367 esset,

117 2369 236 2436 dixisse
250 2370 523 2458 interrogando:
528 2373 594 2439 iam
609 2372 743 2439 sedeo?'
779 2373 896 2440 hunct
881 2375 1148 2527 tuignorantem,

117 2481 159 2523 an
182 2461 304 2543 sedeat,
331 2465 427 2544 putas
451 2461 532 2528 scire
555 2485 598 2528 an
620 2463 721 2546 vivat,
749 2484 792 2528 an
813 2461 936 2548 videat,
959 2486 1001 2528 an
1024 2462 1148 2530 otiosus
1166 2477 1193 2520 ¹⁶

118 2547 145 2613 si
145 2549 181 2614 t?
226 2572 294 2615 non
311 2548 407 2616 facile
425 2550 576 2637 dixerim,
598 2555 708 2617 utrum
727 2552 831 2638 magis
850 2553 1015 2637 miserear,
1039 2551 1067 2617 si
1085 2552 1149 2618 hoc

81 2651 98 2699 8
117 2643 295 2725 ignoravi
318 2660 360 2706 an
383 2641 411 2705 si
435 2641 583 2728 ignorare
607 2662 641 2707 se
664 2641 769 2706 finxit
746 2643 992 2707 tmultarum
1017 2641 1148 2726 quidem

209 2832 224 2887 1
241 2834 348 2887 intrase
362 2833 418 2888 A
409 2852 440 2887 ιιι
454 2848 552 2888 mensa
565 2834 627 2888 Joh
638 2833 746 2889 Miller
759 2834 935 2889 metientes'
923 2853 955 2890 m
968 2834 1150 2891 metientium

117 2905 221 2958 mutari
239 2905 359 2959 iaciebat
373 2904 458 2960 Gertz
471 2904 481 2976 Η
499 2903 517 2958 2
536 2905 624 2959 etiarn
642 2920 709 2974 sepe
723 2906 752 2961 A
770 2921 856 2974 saepe
875 2906 996 2961 etiams·
1013 2908 1077 2970 fort.
1091 2922 1150 2961 rcc-

117 2976 174 3030 tiua
191 2974 201 3046 ll
219 2974 237 3029 8
256 2987 345 3043 quas
363 2992 421 3043 qua
434 2976 463 3031 A
481 2977 590 3044 quanta
608 2975 678 3046 oolp.
696 2976 707 3048 ΙΙ
725 2976 760 3032 10
778 2975 916 3032 infrustra
929 2978 958 3033 A
975 2977 986 3050 ll
1004 2976 1039 3032 11
1056 2992 1091 3032 ex
1106 2978 1150 3032 bis

118 3046 258 3118 plagantis
272 3047 314 3102 Αὁ
333 3048 398 3114 (pro
416 3048 517 3102 ultima
531 3063 546 3102 e
561 3046 604 3103 A¹
617 3064 630 3102 s
643 3047 771 3104 Ῑιιιὺιιὶιιι
788 3048 881 3175 cidi)
845 3048 888 3190 {ll
910 3047 947 3104 14
964 3064 1000 3103 ne
1019 3047 1108 3104 edant
1121 3047 1151 3103 A

117 3134 187 3173 corr
207 3119 276 3188 coly.
300 3118 310 3189 ll
335 3116 371 3173 15
390 3117 495 3173 otiosos
513 3119 583 3189 oolp
603 3117 721 3245 abildt
713 3120 831 3175 rososA
850 3122 929 3190 (.crua
945 3121 972 3189 o)
1019 3135 1151 3175 numera·

117 3188 205 3243 verim
228 3190 307 3245 Koch
333 3189 527 3245 numeraberis
548 3191 607 3262 Al
604 3191 666 3262 lse
690 3206 707 3245 a
731 3206 760 3245 se
784 3192 814 3246 et
836 3191 939 3246 lectica
960 3193 988 3248 A
1025 3208 1094 3248 corr
1116 3207 1151 3247 cc

119 3260 189 3315 sella
208 3261 249 3314 est
263 3261 390 3317 &lectica
409 3261 443 3331 (a
460 3279 519 3317 aaa
536 3264 605 3317 satis
623 3269 727 3318 certum
744 3265 808 3333 cat);
782 3265 894 3333 most
915 3262 1019 3319 lectica
1041 3263 1152 3333 aliquid

118 3349 228 3388 casum
246 3338 298 3398 est,
317 3333 391 3402 quod
408 3333 485 3402 quid
493 3335 581 3401 fucrit
598 3334 700 3403 dispici
717 3349 774 3389 uon
788 3341 891 3405 potest,
907 3335 956 3390 scd
970 3335 1151 3391 initiabatur

118 3420 235 3459 rasurae
248 3404 317 3458 Abs
331 3406 456 3473 scripsit,
470 3405 565 3472 atur
566 3405 732 3460 eclecticas
746 3405 757 3478 ll
772 3405 806 3461 17
822 3404 916 3460 labari
929 3406 972 3461 A²
984 3405 1076 3460 lavari
1089 3405 1151 3478 ΑἸΙ

111 3474 342 3541 repraestare
361 3476 478 3532 Wolters
496 3477 577 3531 malit
595 3475 742 3532 ambulare
766 3477 770 3550 l
796 3477 942 3533 admonet
961 3495 995 3532 us
997 3494 1052 3547 que
1068 3477 1152 3534 Gertc

93 3542 246 3599 admonet.
279 3549 311 3603 ct
330 3564 424 3618 usque
438 3549 467 3607 A
483 3547 499 3624 H
511 3547 553 3608 25
571 3549 697 3628 seireff(
695 3565 776 3608 ausc
792 3549 859 3618 fOtl
870 3552 896 3619 Sl
912 3550 941 3605 Α
