2438 3846
90 188 158 254 260
287 186 318 242 L.
333 185 476 241 ANNAEI
494 185 659 242 SENECAE
678 185 772 240 DIAL.
787 185 855 240 LIB.
870 183 916 239 IX.

91 330 178 418 fugit
200 352 260 396 neo
281 353 356 397 eum
373 332 536 417 reducere,
560 354 635 399 oum
653 335 901 415 monstraretur,
922 331 1007 395 tanti
1024 333 1118 415 puta·

91 421 149 486 vit.
202 419 311 505 ‘turpe
341 421 405 494 est'
439 422 546 508 inquit
573 421 707 488 ‘Manen
741 421 810 487 sine
841 419 987 506 Diogene
1021 440 1119 504 posse

92 508 215 594 vivere,
241 507 412 596 Diogenen
434 512 503 578 sine
525 511 620 578 Mane
637 533 705 577 non
727 509 842 596 posse?
887 510 1015 575 videtur
1037 508 1120 574 mihi

95 599 227 664 dixisse:
270 599 347 687 ‘age
383 604 476 667 tuum
513 602 697 688 negotium,
732 599 876 684 fortuna,
912 598 996 664 nihil
1032 598 1120 683 apud

94 687 264 774 Diogenen
290 689 356 754 iam
382 691 432 756 tui
459 695 520 758 est:
547 691 634 778 fugit
660 688 742 756 mihi
764 711 889 773 servus,
916 689 1015 753 immo
1038 687 1121 752 liber
1153 707 1164 748 s

59 777 180 844 sabii?
225 777 349 845 familia
376 781 459 865 petit
482 780 670 846 vestiarium
692 780 892 864 victumque,
919 782 971 843 tot
993 779 1120 842 ventres

96 866 358 934 avidissimorum
386 871 575 936 animalium
602 869 714 935 tuendi
742 870 830 949 sunt,
861 867 995 933 emenda
1021 866 1120 931 vestis

96 960 129 1022 et
146 957 374 1024 eustodiendae
387 961 614 1045 rapacissimae
628 981 742 1024 manus
757 962 789 1023 et
802 957 950 1022 flentium
964 957 1122 1021 detestan-

96 1045 244 1131 tiumque
267 1049 453 1117 ministeriis
477 1048 648 1116 utendum:
676 1051 797 1132 quanto
821 1047 876 1112 ille
898 1045 1038 1129 felioior,
1066 1044 1123 1128 qui

62 1135 181 1200 anihil
209 1137 270 1202 ulli
300 1138 408 1223 debet,
439 1139 504 1204 nisi
531 1139 586 1205 'oui
614 1138 768 1203 facillime
799 1139 910 1222 negat,
941 1135 1017 1202 sibit
1067 1133 1123 1199 sed
1142 1155 1167 1195 ro

99 1226 253 1310 quoniam
285 1249 353 1293 non
387 1232 437 1295 est
469 1228 563 1294 nobis
593 1231 721 1293 tanturn
751 1226 891 1310 roboris,
922 1223 1124 1311 angustanda

99 1317 185 1380 uerte
215 1320 292 1381 sunt
314 1317 522 1401 patrimonia,
554 1319 592 1382 ut
624 1317 731 1399 minus
755 1316 795 1381 ad
818 1315 952 1380 iniurias
975 1314 1124 1379 fortunae

100 1402 201 1470 simus
232 1406 380 1491 expositi.
431 1406 592 1472 habiliora
622 1409 698 1473 sunt
727 1426 863 1490 corpora
891 1403 1035 1470 inbelle
1058 1403 1124 1486 illa,

101 1514 182 1577 quae
205 1494 240 1560 in
262 1518 351 1562 arma
374 1518 432 1562 sua
455 1495 602 1561 contrahi
624 1498 775 1580 possunt,
799 1516 896 1579 quam
915 1515 996 1579 quae
1016 1515 1125 1578 super-

99 1582 281 1651 funduntur
303 1588 335 1652 et
357 1586 500 1669 undique
522 1586 712 1671 magnitudo
732 1607 790 1651 sua
807 1584 991 1649 volneribus
1011 1581 1126 1648 obieit:
1144 1600 1169 1641 rs

101 1673 427 1849 didiiludededffl
443 1674 672 1848 amiidieiiiie
684 1674 831 1828 ‘lllisoddit
844 1673 879 1737 in
902 1675 1126 1757 paupertatem

192 1813 200 1846 ,
832 1814 838 1826 .

68 1879 82 1928 1
192 1867 247 1934 IX.
284 1869 430 1936 Plaoebit
452 1873 560 1935 autem
582 1870 662 1936 haeo¹
683 1870 779 1935 nobis
802 1891 965 1952 mensura,
988 1868 1016 1934 si
1037 1867 1127 1953 prius

103 1958 300 2042 parsimonia
317 1960 487 2045 placuerit,
507 1959 575 2024 sine
596 1980 660 2044 qua
677 1982 738 2025 neo
755 1959 840 2025 ullae
860 1981 937 2044 opes
952 1957 1130 2040 sufiiciunt,

102 2069 162 2114 neo
185 2049 270 2114 ullae
288 2049 312 2134 †
329 2071 397 2115 non
420 2049 497 2116 satis
521 2051 646 2133 patent,
668 2049 856 2134 praesertim
874 2070 949 2114 oum
967 2048 1002 2112 in
1020 2047 1128 2112 vicino
1148 2066 1171 2106 au

103 2138 280 2203 remedium
311 2138 353 2204 sit
383 2140 415 2203 et
444 2140 549 2223 possit
577 2138 649 2223 ipsa
677 2142 850 2223 paupertas
880 2139 915 2202 in
943 2136 1072 2202 divitias
1096 2157 1129 2201 se

68 2236 84 2286 2
104 2227 260 2293 advocata
287 2227 473 2314 frugalitate
503 2231 696 2293 convertere.
743 2228 968 2294 adsuescamus
992 2248 1012 2291 a
1033 2225 1130 2290 n’obis

105 2338 269 2382 removere
300 2338 468 2402 pompam,
507 2319 539 2382 et
573 2337 650 2382 usus
680 2339 801 2402 rerum,
834 2339 902 2383 non
932 2318 1131 2398 ornamenta,

105 2405 221 2472 metiri.
268 2405 358 2472 cibus
386 2404 505 2471 famem
535 2406 657 2490 domet,
685 2407 775 2491 potio
805 2406 909 2491 sitim,
935 2405 1037 2471 libido
1067 2425 1132 2489 qua

105 2516 234 2561 necesse
272 2499 321 2562 est
356 2495 451 2580 fluat3
488 2495 647 2562 diseamus
685 2497 836 2562 membris
873 2496 993 2561 nostris
1026 2493 1133 2578 inniti,
1151 2513 1171 2554 u

106 2586 230 2652 cultum
257 2585 443 2669 victumque
472 2607 539 2650 non
569 2585 610 2651 ad
640 2606 726 2650 nova
753 2587 901 2671 exempla
929 2606 1134 2669 oomponere,

197 2778 215 2834 2
233 2778 334 2848 inquid
357 2778 474 2834 mathan
497 2785 523 2834 et
545 2777 644 2833 matha
661 2779 690 2835 A
713 2795 782 2835 corr.
801 2780 869 2850 only.
894 2778 905 2851 Η
930 2778 948 2834 5
971 2777 1043 2832 mihi
1062 2778 1134 2848 vulg.

107 2848 148 2905 mi
165 2850 208 2907 A¹
230 2868 317 2922 supra
338 2850 412 2920 qaod
434 2851 490 2905 aeri
508 2851 545 2905 sit
564 2848 619 2906 A⁸z
639 2867 664 2926 g)
687 2850 758 2904 mihi
780 2851 783 2924 t
804 2867 912 2919 servus,
930 2853 1029 2918 imerp.
1050 2848 1135 2906 Gertz

108 2928 222 2978 servus?
246 2923 315 2994 voto.
342 2921 345 2995 t
373 2920 446 2977 liber
469 2867 529 2976 eiii
562 2923 605 2979 vet
627 2938 679 3006 ego
698 2921 772 2977 liber
790 2921 860 2992 abii)
882 2940 907 2978 v.
922 2923 949 2977 d.
964 2922 1040 2978 Vliet
1061 2919 1136 2975 liber

109 2994 171 3050 abit
184 2997 213 3051 A
232 2993 304 3066 (abit
321 2996 354 3049 in
371 3010 426 3050 ras.
441 2993 493 3064 A⁶)
516 2993 527 3066 Ν
584 2995 725 3050 uestiaret‘e
738 2993 781 3050 A⁶
833 2994 869 3050 1⁰
888 2994 935 3049 oui
949 2995 1046 3050 Moret
1064 2991 1137 3062 quid

109 3069 138 3123 A
159 3065 183 3192 tt]
195 3065 230 3121 12
253 3068 286 3120 ut
304 3066 346 3121 A⁶
365 3068 416 3120 ant
429 3064 472 3122 A¹
493 3064 503 3137 tt
528 3064 564 3121 18
581 3066 613 3120 in
631 3064 706 3120 bello
725 3065 777 3120 illa
816 3067 932 3122 chalican
954 3063 1088 3120 inbecillo
1107 3065 1137 3119 A

109 3139 140 3194 in
185 3137 240 3193 ello
262 3150 279 3192 ς
303 3137 334 3191 in
358 3136 436 3192 bella
456 3138 614 3194 Pincianus
638 3137 689 3192 illa
712 3136 787 3192 bello
811 3138 893 3194 Gertz
915 3138 926 3211 tt
950 3136 986 3191 15
1008 3135 1138 3191 obieits·

111 3208 215 3265 obiecit
233 3209 261 3265 A
283 3207 294 3280 Η
318 3207 355 3263 20
372 3225 425 3265 nee
442 3207 500 3262 ulle
519 3209 664 3264 nonsatis
682 3209 784 3278 patent
802 3211 831 3265 A
852 3215 992 3277 corrupte,
1010 3208 1138 3278 quamvis

111 3280 214 3336 Madai
238 3281 277 3335 'us
295 3279 432 3348 defendet.
462 3295 521 3334 non
537 3282 627 3352 magis
640 3281 729 3350 probo
747 3281 820 3350 quod
839 3280 967 3335 Haustus
989 3281 1052 3348 (nee
1072 3295 1138 3333 eum

111 3351 200 3407 illan
275 3369 303 3405 n.
313 3369 335 3405 s.
344 3353 385 3421 p.)
403 3367 517 3420 maeque
534 3358 642 3407 secutees
656 3352 740 3407 Gertz
758 3353 828 3407 noni.
859 3353 921 3421 (nee
935 3367 1000 3404 eum
1013 3349 1066 3404 illa
1080 3365 1139 3404 non

112 3441 133 3479 s.
155 3424 194 3480 nl
223 3439 276 3478 nee
304 3421 382 3478 ullae
412 3424 511 3479 domus
539 3424 609 3477 satis
636 3424 738 3493 patant
765 3423 915 3490 Schultess,
943 3421 1017 3492 quod
1043 3438 1139 3477 versem

194 3511 244 3565 m,
271 3495 301 3552 εἰ
322 3496 355 3552 in
381 3497 421 3552 eis
445 3511 515 3567 quae
545 3495 709 3551 antecedunt
737 3496 870 3565 seriptum
900 3500 980 3551 emet:
1008 3493 1034 3548 si
1058 3493 1139 3564 prius

226 3582 254 3624 ss
273 3569 332 3641 (oet
348 3568 507 3644 modestia)
525 3567 672 3643 plaouerit
