2438 3846
95 163 139 228 60
290 161 321 216 L.
336 158 479 214 ANNAEI
498 157 662 214 SENEGAE
681 158 776 214 DIAL.
791 158 857 213 LIB.
872 157 920 213 Ill.

95 307 129 370 in
152 307 185 370 id
208 307 242 370 in
266 306 352 390 quod
374 309 527 390 properat
550 305 732 389 opponitur.
765 304 873 388 itaque
895 326 955 370 neo
977 305 1013 369 in
1034 327 1113 388 pace

94 417 153 461 neo
176 396 318 460 inbelle
342 416 495 478 umquam
517 394 604 459 bono
627 394 703 478 fuit3
731 414 844 477 paoem
867 394 952 459 enim
975 393 1113 459 similem

94 485 171 550 belli
203 484 316 569 efficit,
348 485 383 548 in
414 484 511 549 armis
538 505 614 548 vero
648 483 848 548 obliviscitur
876 482 1013 548 Martem
1045 506 1113 549 esse

95 596 297 640 communem
319 573 471 657 venitque
502 573 538 637 in
569 573 706 638 alienam
737 575 943 657 potestatem,
973 572 1049 638 dum
1079 574 1114 637 in

60 679 153 728 osua
174 685 241 728 non
264 667 319 728 est.
354 663 466 726 deinde
488 683 555 727 non
577 661 650 727 ideo
664 662 744 726 vitia
761 662 796 726 in
818 683 913 727 usum
930 662 1115 746 recipienda
1147 682 1160 722 5

95 757 182 837 sunt,
206 753 283 836 quia
306 751 478 836 aliquando
501 751 624 835 aliquid
647 751 832 835 effecerunt3
856 773 931 816 nam
954 754 987 816 et
1009 751 1114 816 febres

95 842 251 927 quaedam
283 863 400 927 genera
422 840 615 906 valetudinis
646 841 768 923 levant,
799 862 859 906 neo
885 841 957 905 ideo
984 861 1052 906 non
1075 863 1115 904 ex

94 934 163 996 toto
197 931 262 995 illis
295 931 435 995 caruisse
466 931 581 995 melius
615 933 676 994 est:
708 930 958 995 abominandum
994 930 1115 994 remedi

94 1041 195 1107 genus
223 1022 272 1085 est
303 1020 472 1085 sanitatem
500 1019 612 1084 debers
640 1019 761 1084 morbo.
799 1019 897 1083 simili
928 1018 1025 1085 modo
1057 1021 1115 1101 ira,

94 1110 191 1174 etiam
214 1109 242 1173 si
264 1109 437 1192 aliquando
460 1112 497 1173 ut
510 1130 668 1173 venenum
687 1112 720 1172 et
736 1107 960 1192 praecipitatio
983 1111 1016 1173 at
1037 1129 1115 1173 nau·
1134 1128 1161 1167 ro

93 1199 233 1284 fragium
257 1219 297 1262 ex
318 1198 486 1282 inopinato
514 1198 650 1282 profuit,
677 1219 744 1262 non
766 1197 838 1262 ideo
862 1197 1011 1263 salutaris
1033 1197 1115 1261 iudi·

94 1287 196 1352 canda
219 1289 281 1370 est3
304 1309 397 1372 saepe
421 1287 507 1352 enim
530 1288 627 1352 saluti
650 1287 738 1351 fuero
761 1287 920 1371 pestifera

59 1409 73 1458 1
183 1391 270 1458 XIII.
293 1392 417 1458 Deinde
448 1415 529 1478 quae
551 1393 699 1459 habenda
721 1395 810 1477 sunt,
838 1415 903 1478 quo
931 1393 1053 1458 maiora
1076 1415 1114 1458 eo

94 1484 228 1549 meliora
241 1487 274 1548 et
288 1483 481 1567 optabiliora
500 1486 582 1547 sunt.
616 1484 643 1548 si
662 1483 786 1548 iustitia
803 1484 925 1548 bonum
940 1485 1001 1567 est,
1019 1504 1115 1548 nemo

94 1573 180 1638 diret
201 1573 367 1637 meliorem
390 1572 546 1656 futuram,
565 1572 593 1636 si
607 1572 685 1656 quid
704 1572 882 1637 damaetam
896 1593 936 1636 ex
949 1593 987 1636 aa
1004 1572 1116 1656 fuerit3
1135 1590 1161 1632 ιε

57 1677 74 1726 2
94 1662 122 1727 si
145 1662 302 1727 fortitudo
324 1662 446 1726 bonurn
469 1666 530 1745 est,
560 1682 655 1726 nemo
678 1661 768 1726 illam
792 1661 984 1728 desiderabit
1001 1682 1042 1726 ex
1059 1661 1115 1726 ali·

95 1773 159 1835 qua
181 1754 272 1835 parte
296 1751 450 1816 deminui:
474 1771 551 1837 ergo
575 1753 608 1815 et
629 1751 679 1816 ira
702 1773 766 1835 quo
786 1751 890 1815 maior
907 1750 970 1817 hoo
987 1750 1118 1834 melior3

94 1841 167 1924 quis
197 1841 283 1905 enirn
305 1841 403 1904 ullius
426 1840 504 1905 boni
527 1840 742 1906 accessionem
764 1838 980 1906 recusaverit?
1025 1841 1117 1924 atqui

94 1931 206 2017 augeri
228 1930 318 1994 illam
341 1929 455 1994 inutile
479 1932 540 1994 est:
568 1951 645 2016 ergo
669 1934 702 1995 et
724 1952 805 2014 esse3
833 1951 901 1995 non
923 1932 973 1995 est
994 1929 1117 1995 bonum

58 2019 182 2103 equod
213 2019 411 2084 incremento
444 2019 565 2083 malum
598 2019 643 2083 fit.
690 2017 804 2084 ‘utilis’
832 2019 940 2103 inquit
966 2017 1028 2083 ‘ira
1059 2022 1117 2103 est,
1135 2038 1162 2079 ao

95 2108 171 2192 quia
200 2109 413 2194 pugnaciores
441 2106 540 2173 facit?
586 2109 649 2173 isto
677 2109 773 2173 modo
802 2110 834 2173 et
856 2107 1006 2174 ebrietes:
1033 2106 1117 2172 facit

94 2197 180 2261 anim
202 2201 370 2281 protervos
389 2201 422 2262 et
444 2197 579 2263 audaces
597 2199 756 2282 multique
775 2197 922 2262 meliores
937 2196 978 2261 ad
995 2196 1117 2261 ferrum

94 2286 183 2351 fuere
206 2287 289 2352 male
313 2286 426 2370 sobrii3
455 2287 518 2351 isto
550 2287 646 2352 modo
676 2287 728 2352 dio
757 2289 790 2351 et
819 2287 992 2371 phrenesin
1019 2289 1116 2370 atque

94 2375 253 2441 insaniam
283 2375 406 2441 viribus
442 2377 668 2460 neeessariam,
705 2377 781 2461 quia
818 2398 912 2460 saepe
944 2375 1116 2441 validiores

58 2480 76 2529 4
94 2464 186 2530 firror
208 2464 320 2541 reddit.
361 2464 461 2548 quid?
483 2486 551 2529 non
564 2465 758 2550 aliquotiens
772 2467 877 2529 metus
891 2487 931 2529 ax
953 2465 1116 2530 contrario
1135 2482 1161 2524 aa

94 2553 172 2621 feeit
194 2551 360 2637 audacem,
390 2557 423 2618 et
451 2554 565 2619 morbis
587 2554 685 2619 timor
707 2554 805 2620 etiam
828 2554 1040 2619 inertissimos
1064 2575 1117 2618 ex-

95 2642 208 2708 citavit
235 2642 271 2706 in
293 2642 476 2726 proelium?
521 2642 577 2708 sed
599 2642 659 2726 ira,
689 2642 839 2727 ebrietas,
862 2646 966 2708 motus
989 2642 1117 2727 aliaque

95 2731 252 2797 eiusmodi
274 2731 369 2796 foeda
387 2733 420 2796 et
437 2731 558 2796 oaduaa
574 2731 780 2796 inritamenta
798 2736 874 2796 sunt
890 2753 951 2798 nea
963 2733 1117 2797 virtutem

94 2822 272 2904 instruunt,
302 2842 384 2904 quae
412 2820 497 2885 nihil
518 2820 607 2884 vitiis
637 2823 724 2906 eget,
754 2820 809 2886 sad
840 2843 971 2908 segnem
993 2821 1117 2905 alioqui

185 3013 251 3070 lin
268 3013 344 3082 quod
358 3014 386 3068 L
403 3019 436 3067 at
453 3013 522 3083 aolq.
542 3012 573 3066 in
591 3028 646 3082 quo
661 3013 689 3067 A
709 3011 722 3096 ll
745 3011 764 3067 8
787 3012 874 3068 elficit
887 3014 916 3068 L
933 3015 1000 3084 oolq.
1021 3012 1117 3068 effecit

94 3085 122 3141 A
140 3084 151 3158 ll
168 3083 527 3154 seuquiddsoninvozy.
546 3082 592 3155 118
610 3082 717 3137 remedr
735 3084 1118 3156 corr.s‘n-diiA¹aatA²ll

94 3156 128 3210 11
157 3172 192 3211 ex
216 3155 367 3224 >inopinato
394 3168 412 3209 ς
438 3155 507 3226 oolq.
536 3155 688 3224 exopinato
712 3155 740 3209 A
769 3156 939 3224 necopinato
969 3156 1079 3211 Gronov
1107 3164 1118 3218 ΙΙ

94 3226 130 3282 18
147 3225 282 3282 habenda
294 3227 323 3282 A
342 3225 454 3282 suenda
472 3226 608 3296 Mariam
629 3225 702 3279 allud
720 3225 844 3293 defendit
863 3225 945 3283 Gertz
962 3230 1090 3282 at.er.76
1107 3227 1117 3300 ll

94 3297 130 3355 18
158 3297 245 3353 ullius
267 3298 295 3354 L
326 3298 395 3369 volo.
426 3294 504 3351 illius
529 3298 557 3353 A
588 3296 599 3369 l!
629 3294 664 3350 21
695 3297 878 3367 pugnatiores
903 3299 932 3353 A
966 3298 1000 3368 (ti
1028 3314 1063 3353 aa
1090 3299 1116 3352 oi

93 3371 148 3426 vid.
177 3372 257 3440 corr.)
288 3368 299 3442 ll
329 3368 365 3424 22
392 3369 559 3439 propteruos
580 3369 608 3423 A
636 3367 708 3438 qaod
734 3368 798 3436 sort.
821 3370 994 3428 retinendum
1021 3377 1081 3425 erat
1107 3370 1117 3443 Η

70 3456 306 3577 aporema„
337 3458 378 3529 (in
403 3460 434 3515 a
451 3446 525 3529 aas)
548 3457 591 3514 Αι
621 3457 632 3531 ι)
658 3457 694 3513 as
707 3459 814 3516 seusa
834 3461 863 3516 A
887 3460 1012 3516 rasura
1036 3462 1117 3518 mass
