2438 3846
143 135 208 202 130
341 133 371 187 L.
387 131 530 188 Anum
548 131 714 189 SENECAE
731 132 826 188 DIAL.
841 131 909 189 LIB.
924 131 958 187 V.

105 298 226 347 anovo
249 301 364 366 genere
385 301 508 364 poenae
531 279 706 346 delectatus
734 282 790 345 eet.
837 279 901 344 tale
929 278 1052 363 aliquid
1074 279 1164 363 passi

141 369 248 435 forent
266 373 299 435 et
316 368 508 454 Aethiopes,
530 369 587 453 qui
611 369 652 434 ob
670 367 898 456 longissimum
915 369 1001 434 vitae
1020 367 1163 452 spatium

140 458 323 546 Macrobioe
347 459 563 542 appellantem
585 457 620 522 in
642 458 703 523 hos
726 459 826 541 enim,
849 458 926 542 quia
947 479 1014 522 non
1037 457 1163 540 supinis

102 594 108 606 ·
141 549 289 614 manibus
307 551 499 632 exceperant
521 547 709 613 servitutem
731 548 901 632 missisque
923 546 1039 634 legatis
1061 545 1165 611 libera

140 659 294 722 responsa
324 636 489 721 dederent,
528 657 625 722 quae-
641 637 875 703 contumeliosa
913 657 1003 722 reges
1035 638 1164 718 vocant,
1195 653 1209 695 o

141 725 315 810 Cambyses
338 726 495 792 fremebat
517 731 550 792 et
570 748 638 792 non
660 726 799 811 provisis
821 724 1068 809 commeatibus,
1095 745 1164 790 non

141 816 316 900 exploratis
346 816 531 899 itineribus,
557 837 615 900 per
644 816 745 900 invia,
777 837 835 900 per
863 815 986 881 arentia
1015 814 1164 880 trahebat

142 927 269 970 omnem
296 904 382 970 b'ello
406 906 520 970 utilem
551 905 688 970 turbam.
735 905 788 971 cui
816 904 902 969 intra
930 902 1071 991 primum
1101 904 1164 969 iter

141 994 273 1060 deerant
289 996 482 1078 necessaria,
503 1016 564 1059 nec
586 995 761 1080 quicquam
784 993 1050 1061 subministrabat
1072 992 1164 1058 steri·

106 1084 182 1150 elis
201 1087 233 1149 et
251 1084 375 1149 inculta
392 1084 598 1169 humanoque
616 1084 728 1170 ignota
746 1084 884 1171 vestigio
902 1084 1007 1169 regio:
1028 1082 1165 1149 sustine·
1184 1102 1211 1144 so

140 1172 220 1239 bant
237 1173 356 1238 famem
375 1174 481 1258 primo
500 1174 673 1238 tenerrima
690 1173 855 1239 frondium
873 1176 906 1239 et
929 1172 1096 1239 cacumina
1116 1193 1164 1237 ar·

141 1262 272 1346 borum,
301 1265 371 1327 tum
395 1263 483 1329 coria
506 1263 580 1348 igne
603 1263 731 1328 mollita
754 1268 787 1329 et
810 1261 967 1348 quidquid
989 1262 1165 1328 necessitas

141 1353 249 1418 cibum
268 1353 402 1436 fecerat;
426 1355 600 1437 postquem
623 1353 708 1419 inter
729 1352 864 1418 harenas
887 1351 1011 1418 radices
1035 1371 1165 1436 quoque

142 1446 175 1506 et
203 1440 321 1506 herbae
350 1441 533 1507 defecerant
562 1443 775 1527 apparuitque
805 1443 899 1526 inops
924 1443 1021 1508 etiam
1044 1439 1165 1506 anima-

140 1527 223 1596 lium
257 1530 414 1614 solitudo,
449 1531 611 1596 decimum
641 1552 801 1616 quemque
834 1531 941 1597 sortiti
973 1531 1165 1596 alimentum
1184 1546 1211 1591 ro

106 1620 325 1687 chabuersmt
341 1620 426 1685 fame
445 1621 579 1686 saevius.
616 1621 733 1706 agebat
750 1619 856 1687 adhuc
878 1641 987 1706 regem
1005 1619 1054 1684 ira
1076 1640 1167 1705 prae-

142 1710 289 1795 cipitem,
311 1730 386 1776 cum
409 1713 534 1796 partem
557 1711 715 1776 exercitus
739 1711 912 1790 amisisset,
936 1713 1060 1794 partem
1080 1728 1168 1776 com·

142 1798 276 1882 edisset,
311 1797 414 1865 donec
442 1799 568 1884 timuit,
602 1822 643 1864 ne
671 1803 704 1865 et
729 1799 799 1884 ipse
829 1802 999 1865 vocaretur
1026 1798 1067 1863 ad
1099 1819 1167 1863 sor-

29 1887 31 1896 ‘
142 1893 222 1954 tem:
244 1891 315 1954 tum
339 1888 469 1953 demum
492 1889 621 1974 signum
644 1890 788 1973 receptui
811 1888 908 1954 dedit.
954 1887 1167 1953 servabantur

141 1977 271 2043 interim
290 1998 463 2064 generosae
480 1976 530 2042 illi
548 1998 622 2042 aves
646 1981 679 2042 et
696 1978 910 2043 instrumenta
928 1977 1097 2063 epularum
1116 1998 1167 2042 ca·
1185 1998 1214 2040 ao

142 2067 234 2132 melis
266 2066 479 2150 vehebantur,
512 2087 587 2133 eum
615 2065 807 2132 sorti-rentur
833 2067 954 2132 milites
977 2065 1061 2150 eius,
1091 2066 1165 2149 quis

142 2157 226 2221 male
249 2156 382 2240 periret,
406 2156 477 2242 quis
500 2156 592 2240 peius
614 2155 745 2221 viveret.

108 2262 122 2312 1
232 2243 318 2309 XXI.
354 2243 419 2311 Hic
446 2245 547 2310 iratus
574 2244 638 2310 fnit
660 2244 751 2332 genti
773 2248 806 2311 et
828 2245 959 2333 ignotae
981 2248 1015 2311 et
1037 2243 1167 2309 inmeri-

142 2337 210 2418 tae,
238 2355 388 2400 sensurae
415 2338 538 2400 tamen:
566 2330 668 2419 Cyrus
691 2334 826 2400 flumini.
872 2347 948 2401 nam
967 2355 1041 2401 cum
1060 2333 1166 2419 Baby-

141 2424 219 2489 lona
242 2427 487 2510 oppugnaturus
510 2423 678 2489 festinaret
696 2423 737 2489 ad
754 2424 890 2509 bellum,
914 2424 1005 2490 cuius
1024 2424 1213 2493 maximam

143 2516 307 2578 momenta
325 2514 360 2577 in
378 2512 600 2580 occasionibus
619 2517 711 2598 sunt,
735 2510 870 2598 Gynden
887 2513 952 2578 late
970 2513 1081 2580 fusum
1099 2534 1166 2578 am-

142 2623 217 2667 nem
230 2601 313 2667 vado
328 2602 464 2669 mensim
482 2603 666 2689 temptavit,
686 2602 773 2687 quod
786 2602 842 2669 rix
860 2605 968 2668 tutum
986 2607 1049 2688 eet,
1067 2601 1166 2668 etiam

106 2708 218 2758 acum
241 2691 342 2758 sensit
364 2696 518 2759 aestatem
541 2696 574 2758 et
597 2692 637 2758 ad
660 2693 831 2758 minimum
850 2691 1007 2759 deductus
1030 2695 1087 2758 est.
1119 2692 1166 2758 ibi

56 2778 61 2788 ’
141 2804 226 2847 unus
245 2803 285 2846 ex
303 2781 342 2847 iis
362 2782 466 2867 equis,
489 2781 546 2867 'qui
563 2782 689 2848 trahere
707 2782 833 2869 regium
852 2803 982 2849 currum
1000 2782 1066 2847 albi
1085 2782 1167 2847 sole·

140 2871 234 2956 bant,
252 2871 404 2956 abreptus
416 2871 622 2938 vehementer
640 2873 818 2938 commovit
834 2893 957 2959 regem3
975 2870 1094 2936 iuravit
1107 2872 1167 2937 ita-
1186 2895 1215 2937 eo

231 3010 361 3066 dforent
380 3012 409 3066 et
426 3011 530 3067 Aethio
551 3028 581 3067 ea
600 3012 684 3069 Gertz
708 3010 802 3068 forent
819 3010 843 3065 tt
860 3011 972 3080 thiopee
995 3015 1027 3066 ut
1049 3008 1104 3065 vid.
1124 3010 1167 3066 A¹

142 3082 379 3209 lorentfzethiopes
397 3082 441 3140 14⁸
458 3083 506 3210 ξ)
530 3029 550 3157 l
567 3083 586 3140 8
607 3082 769 3140 Macrobioe
795 3082 878 3138 Gertz
902 3096 966 3136 mac
991 3079 1117 3155 ro‘bide
1138 3084 1167 3139 Δ

142 3171 238 3210 macro
259 3153 306 3211 ule
324 3155 352 3211 L
370 3152 466 3211 Macro
487 3155 510 3210 ii
526 3155 595 3227 volq.
614 3155 625 3230 ΙΙ
646 3155 683 3212 14
700 3152 865 3210 defecerunt
884 3152 980 3221 Genu,
997 3168 1055 3208 noa
1073 3152 1140 3210 Mne
1157 3154 1168 3228 ΙΙ

142 3226 178 3282 ab
192 3225 304 3284 illiauea
319 3226 360 3294 A,
374 3226 448 3282 uado
461 3225 505 3283 A’
522 3225 582 3283 illic
601 3243 668 3284 oues
687 3225 791 3295 effect&
808 3224 912 3283 coelicet
929 3238 947 3279 a
960 3223 1060 3294 paullo
1078 3225 1167 3296 aeole-

141 3299 250 3369 qentiue
267 3299 373 3368 empta
458 3299 505 3354 'em
521 3299 579 3366 fere
597 3299 752 3364 litterarum
771 3312 803 3352 co
907 3295 970 3352 ebat
981 3296 1014 3351 ἑκ
1026 3297 1168 3366 Μέντα

142 3368 358 3441 Ιιαπροῡανάίοα
370 3367 390 3498 q
456 3368 539 3440 peius
552 3370 581 3428 A
599 3370 629 3442 (p
644 3387 678 3427 ec
691 3385 705 3424 ι
718 3369 800 3440 corr.)
844 3365 881 3424 dd
896 3363 1025 3439 Gynden
1039 3367 1170 3424 &ml

142 3441 203 3568 lidi·
218 3440 351 3582 {laudm
407 3444 461 3499 189
483 3457 586 3514 gygem
604 3443 633 3501 A
655 3456 778 3514 gangem
846 3438 857 3514 ll
880 3437 917 3496 2⁰
936 3436 1026 3516 alslbi
1038 3441 1067 3496 Δ
1086 3440 1098 3511 (
1160 3481 1167 3496 .

191 3555 197 3567 ,
216 3530 228 3567 ι
