2438 3846
124 150 191 217 240
310 146 340 201 L.
354 144 497 199 ANNAEI
516 142 681 199 SENECAE
700 142 796 198 DIAL.
810 142 878 199 ΠΒ.
892 141 967 198 VIII.
1052 224 1056 230 ἡ

123 295 234 358 utrum
262 291 370 374 alique
396 312 447 356 res
475 289 680 375 propositum
703 289 746 354 sit
768 311 810 353 an
832 289 993 374 propositi
1016 289 1150 357 alterins

124 379 285 447 accessio?
338 380 382 445 sit
415 401 491 444 sane
514 377 636 466 grande
659 377 845 461 discrimen,
874 381 985 442 tamen
1011 378 1151 444 alterum

125 471 194 535 sine
216 470 317 534 altore
341 491 409 533 non
431 473 493 533 est:
516 489 576 533 nec
593 468 649 533 iiie
668 468 737 533 sine
755 468 883 532 actione
901 468 1150 553 contemplatur,

124 580 184 625 nec
205 559 260 623 hic
283 559 351 623 sine
373 557 646 642 contemplatione
674 557 755 643 agit,
784 577 849 622 nec¹
871 555 927 620 iile
948 555 1078 639 tertius,
1110 555 1150 622 de

125 669 190 731 quo
212 648 297 713 male
319 647 504 723 existimare
527 646 761 727 consensimus,
788 646 991 729 voluptatem
1012 646 1150 711 inertem
1180 663 1191 703 ⁶

89 737 264 892 hitto
278 734 1152 911 ἲξῶἶὲᾞῗὲῗζᾞῆἕέἒῃῗέᾝῗὲῗ

124 918 198 981 actu
218 914 282 980 sit?
319 935 419 999 quom
436 915 505 998 ipse
524 913 611 979 dicat
622 912 784 998 Epicurus
803 912 978 997 aliquando
997 934 1031 979 se
1049 933 1151 979 reces-

125 1026 236 1069 surum
258 1027 278 1069 a
299 1005 481 1088 voluptate,
504 1003 648 1068 dolorem
672 1003 770 1067 etiam
792 1002 1024 1086 adpetitumm,
1046 1003 1152 1068 siant

124 1094 285 1177 voluptati
314 1092 495 1157 imminebit
526 1093 723 1177 paenitentia
752 1094 808 1156 aut
836 1092 929 1156 dolor
956 1091 1063 1156 minor
1089 1113 1149 1176 pro
1169 1110 1193 1150 ιο

89 1185 272 1268 sgraviore
300 1180 466 1246 sumetur?
510 1203 575 1265 quo
598 1182 738 1265 pertinet
760 1181 840 1246 haec
864 1180 990 1246 dicere?
1034 1184 1074 1245 ut
1095 1203 1151 1266 ap·

125 1274 236 1355 pareat
265 1272 571 1355 contemplationem
599 1270 726 1355 placere
757 1269 921 1354 omnihus3
951 1269 1008 1334 alii
1034 1273 1151 1354 petunt

124 1361 228 1442 iiiam,
250 1360 345 1425 nohis
368 1360 447 1426 haec
470 1360 582 1443 statio,
603 1382 670 1424 non
692 1362 806 1445 portus
829 1362 886 1424 est.

90 1466 105 1516 1
214 1447 301 1514 VIII.
339 1446 441 1514 Adice
467 1471 554 1515 nunc
581 1447 687 1533 [huc],
716 1448 804 1532 quod
830 1471 848 1514 e
874 1448 948 1534 lege
976 1445 1151 1534 Chrysippi

125 1539 233 1602 vivere
263 1539 368 1603 otioso
396 1540 485 1603 licet:
515 1561 582 1603 non
604 1537 692 1621 dico,
719 1541 757 1602 ut
781 1539 885 1603 otium
907 1537 1065 1622 patiatur,
1094 1537 1151 1604 sed
1169 1557 1193 1597 ιε

125 1631 163 1691 nt
189 1627 296 1713 eligat.
342 1631 464 1714 negant
489 1628 593 1693 nostri
616 1627 794 1712 sapienteffi
817 1626 858 1692 ad
882 1626 1060 1711 quamlibet
1082 1648 1151 1692 rem

125 1716 290 1799 publicam
319 1738 536 1799 accessurum,
567 1716 645 1800 quid
672 1722 781 1781 autem
807 1716 956 1800 interest,
986 1715 1150 1799 quomodo

126 1804 252 1888 sepiens
283 1805 322 1870 ad
354 1805 456 1870 otium
486 1806 608 1889 veniet,
636 1809 746 1870 utrum
775 1805 852 1889 quia
873 1827 924 1871 res
947 1804 1084 1889 publica·
1100 1805 1151 1870 illi

126 1893 227 1978 deest,
255 1917 297 1959 en
318 1896 395 1979 quia
416 1895 487 1979 ipse
509 1895 557 1959 rei
579 1894 740 1978 publicae,
772 1895 800 1960 si
822 1916 890 1959 non
912 1893 1017 1959 ubivis
1039 1894 1152 1959 futura

124 2004 175 2047 res
198 1984 329 2068 publica
351 1983 420 2049 est?
462 2005 587 2069 semper
610 1988 718 2049 autem
741 1983 843 2048 deerit
864 1983 1031 2048 fastidiose
1055 2004 1151 2067 quae-
1169 2001 1195 2041 ao

125 2073 277 2137 rentibus.
328 2073 507 2158 intorrogo,
537 2073 577 2138 ad
608 2094 705 2157 quam
733 2095 802 2138 rem
829 2072 994 2157 publicam
1021 2073 1150 2157 sapiens

126 2161 169 2226 sit
204 2183 399 2227 accessmus.
454 2162 495 2227 ad
532 2160 793 2244 Atheniensium,
830 2164 866 2226 iu
902 2183 967 2246 qua
1000 2157 1150 2227 Socrates

126 2249 308 2335 damnatur,
340 2248 547 2335 Aristoteles,
577 2273 619 2316 ne
649 2251 833 2335 damnetur,
862 2249 970 2337 fugit?
1020 2250 1056 2315 in
1087 2272 1152 2335 qua

126 2341 282 2424 opprimit
311 2340 433 2405 invidie
462 2339 621 2405 virtutes?
671 2340 805 2426 negabis
835 2340 917 2405 mihi
947 2361 1152 2405 accessurum

90 2443 106 2492 2
125 2428 165 2493 ad
183 2430 267 2494 hanc
284 2451 353 2494 rem
372 2429 535 2515 publicam
554 2431 739 2514 sapientem.
776 2428 818 2494 ed
836 2427 1151 2515 Carthaginiensium
1169 2446 1196 2488 π

125 2538 202 2604 ergo
231 2541 301 2584 rem
330 2519 496 2603 publicam
526 2519 653 2603 sepiens
684 2517 826 2600 accedet,
858 2519 894 2583 in
923 2540 987 2603 qua
1016 2517 1152 2583 adsidua

126 2606 240 2672 seditio
271 2611 304 2673 et
327 2608 451 2693 optimo
475 2608 616 2691 quoique
639 2607 757 2673 infesta
778 2607 910 2673 libertas
933 2612 997 2691 est,
1024 2629 1151 2672 summa

215 2764 233 2819 s
252 2765 334 2834 nso.
348 2766 385 2834 fr.
400 2769 455 2821 442
473 2768 514 2835 (p.
528 2769 591 2833 eso,
604 2767 651 2836 eo
671 2765 716 2820 os.

214 2872 232 2926 2
251 2874 375 2929 accessio
394 2873 440 2928 sit.
469 2888 537 2927 sane
552 2874 579 2928 A
597 2888 666 2928 corr.
683 2871 787 2945 Gertz}

127 2959 190 2997 cum
210 2945 307 3000 Muret
327 2944 452 3014 quodni
470 2944 569 2999 inactu
587 2946 639 2998 est.
667 2959 752 3013 quam
824 2945 943 3014 quidni?
969 2961 1034 2999 cum
1053 2945 1152 3000 Haase

127 3032 211 3085 quom
236 3016 318 3071 Gertz
339 3018 451 3087 scripsit
474 3015 485 3089 ΙΙ
508 3015 545 3071 14
567 3016 624 3070 huc
649 3015 747 3072 mevit
767 3017 863 3072 Haase
887 3017 898 3091 Η
922 3015 958 3072 lc
980 3018 1088 3087 negant
1109 3015 1152 3072 A¹

126 3090 208 3158 (gant
231 3089 264 3142 in
287 3104 343 3144 rus.
364 3089 450 3144 multo
474 3090 578 3144 maiore
601 3089 634 3143 io
657 3089 713 3156 fine
736 3091 840 3157 como)
866 3087 878 3160 ΙΙ
904 3088 977 3143 191·
1076 3088 1151 3143 notio

126 3159 238 3215 debetur
268 3160 427 3230 Madviye'o,
459 3177 521 3215 cum
550 3165 615 3215 unte
644 3175 706 3214 eum
731 3160 894 3216 enthecam
924 3159 967 3214 rei
997 3176 1038 3229 pu
1058 3158 1150 3213 licae?

127 3229 158 3285 si
270 3233 314 3286 est
338 3239 460 3300 (semper
573 3229 797 3301 quaerentibus):
832 3230 979 3302 Interrogo
1010 3230 1014 3304 Ι
1043 3230 1069 3285 ei
1093 3246 1151 3284 uon

126 3301 220 3386 ubivis
237 3301 335 3358 futura
353 3302 488 3359 &multem
510 3303 536 3357 ei
554 3300 684 3357 omnibus
702 3302 800 3358 futura
815 3302 844 3357 A
868 3302 892 3356 si
911 3302 1002 3357 omnis
1021 3303 1074 3373 (oei
1091 3317 1151 3356 om-

125 3371 1151 3518 acunumiaechoreuma

113 3530 172 3580 que
182 3518 216 3570 A
222 3515 233 3548 ¹
249 3516 355 3586 cuique
374 3518 407 3573 in
423 3534 480 3575 rae.
495 3516 538 3574 AI

814 2874 829 2928 r
848 2873 948 2942 quidni
967 2873 999 2927 in
1017 2873 1085 2927 assu
1103 2872 1150 2940 sit,
