2438 3846
234 140 285 196 AD
305 139 521 197 emmenum
540 139 590 196 Dll
608 139 698 196 VITA
715 138 839 196 BEATA
857 138 934 196 GAP.
951 146 984 196 13
1057 143 1123 210 209

95 309 137 353 ne
156 308 321 373 resurgere
340 285 509 371 quidem†
522 285 757 353 adulescentiae
770 286 861 370 licet,
879 307 953 352 cum
967 286 1123 353 honestus

96 376 186 461 turpi
209 375 349 442 desidiae
371 375 486 441 titulus
509 376 651 443 accessit.
688 375 752 442 hcc
774 379 824 441 est
846 396 903 443 cur
925 376 988 442 ista
1009 375 1124 462 volup·

95 467 173 531 tatis
205 464 349 531 laudatio
381 465 563 550 perniciosa
595 466 652 549 sit,
685 465 761 550 quia
792 465 929 532 honesta
951 468 1124 553 praecepta

95 557 182 621 intre
204 555 321 638 latent,
345 555 433 640 quod
455 554 647 639 corrumpit,
671 558 814 640 apparet.

64 683 76 724 s
186 659 273 726 XIII.
309 659 349 726 ln
372 685 410 728 ee
432 661 562 747 quidem
584 661 654 748 ipse
677 662 837 728 sententia
858 683 930 728 sum
948 699 987 709 -
1011 661 1123 728 invitis
1143 679 1157 728 1

94 751 160 816 hoc
181 751 302 816 nostris
325 752 537 836 popularibus
559 750 666 816 dicem
690 787 732 798 -
756 754 867 817 sancta
888 751 1068 836 Epicurum
1092 756 1125 817 et

95 844 184 906 recta
213 839 396 926 praecipere
424 843 470 924 et,
499 840 527 906 si
554 839 689 924 propius
713 840 898 924 accesseris,
924 840 1044 925 tristie3
1067 863 1124 906 vo-

95 929 204 1016 luptas
223 929 309 994 euim
327 929 386 994 illa
404 929 444 994 ad
462 949 598 1013 parvum
617 932 650 994 et
667 930 750 994 exile
767 932 938 995 revocetur
955 934 1001 1013 et,
1025 951 1122 1014 quam

95 1040 156 1085 nos
185 1018 300 1084 virtuti
330 1018 436 1104 legem
469 1017 620 1101 dicimus,
651 1040 722 1083 eam
752 1019 808 1084 ille
838 1018 918 1085 dicit
946 1020 1122 1106 voluptati:

50 1128 77 1170 no
94 1108 186 1173 iubet
212 1107 303 1172 illam
325 1128 437 1191 parere
459 1109 606 1190 naturee;
633 1129 749 1192 parum
772 1111 822 1173 est
844 1112 952 1174 autem
974 1109 1122 1173 luxuriae

96 1196 184 1281 quod
205 1198 340 1262 naturce
363 1196 441 1261 ratis
464 1198 521 1261 est.
568 1195 646 1279 quid
669 1217 746 1283 ergo
771 1197 841 1262 est?
881 1198 950 1281 ille,
975 1198 1157 1282 quisquiss

43 1348 46 1353 .
94 1283 292 1351 desidiosum
316 1285 420 1350 otium
443 1288 476 1349 et
496 1284 591 1371 gulae
610 1305 648 1350 ac
664 1285 809 1352 libidinis
828 1287 914 1352 vices
933 1286 1121 1353 felicitatem

94 1377 205 1459 vocat,
226 1374 349 1441 bonum
371 1373 475 1439 malas
498 1373 545 1438 rei
569 1375 694 1459 quaerit
717 1379 881 1441 auctorem
901 1379 946 1460 et,
969 1398 1043 1442 cum
1063 1377 1121 1442 illo

94 1465 184 1530 venit
201 1463 320 1529 blando
338 1464 471 1528 nomine
488 1463 654 1548 inductus,
672 1466 817 1547 sequitur
835 1466 1036 1551 voluptatem
1055 1488 1122 1530 non

49 1558 81 1615 ιε
95 1574 193 1638 quam
217 1552 319 1635 audit,
343 1552 399 1617 sed
423 1573 520 1637 quam
544 1553 668 1636 attulit,
691 1556 723 1617 et
745 1554 826 1619 vitia
844 1577 902 1621 sua
920 1577 995 1621 cum
1015 1556 1122 1639 coepit

94 1646 209 1728 putare
244 1641 364 1708 similia
395 1641 590 1727 praeceptis,
623 1641 771 1728 indulget
802 1644 868 1710 illis
897 1666 965 1710 non
998 1644 1122 1730 timide,

93 1753 154 1799 nec
178 1732 312 1798 obscure
333 1731 517 1796 luxurietur
540 1732 672 1797 setiam
690 1731 764 1797 inde
783 1738 893 1816 aperto
912 1734 1025 1818 capite.
1064 1735 1122 1799 ita·

96 1842 158 1905 que
194 1842 262 1886 non
300 1820 418 1904 dicam,
457 1820 544 1905 quod
580 1821 726 1905 plerique
761 1825 962 1906 nostrorum,
1001 1827 1120 1889 sectam

93 1910 229 1994 Epicuri
260 1909 460 1996 flagitiorum
492 1911 681 1995 magistram
713 1932 794 1995 esse,
831 1910 887 1976 sed
919 1912 1001 1976 illud
1034 1912 1121 1978 dico:

48 2020 76 2060 sc
95 1999 178 2064 ,mele
206 1998 310 2082 audit,
339 1998 469 2064 infamis
498 2000 560 2082 cst,
594 2002 627 2063 et
654 1999 813 2064 inmerito.
863 1999 927 2066 hoc
955 2001 1036 2066 scire
1064 2003 1156 2085 quit

94 2091 202 2172 potest
232 2087 297 2153 nisi
333 2087 468 2152 interius
500 2086 684 2154 admissus?
738 2088 828 2154 frons
860 2090 929 2155 eius
961 2091 1034 2174 ipra
1065 2088 1122 2155 dat

92 2178 203 2243 locum
225 2176 354 2242 fabulae
377 2180 409 2242 et
431 2176 473 2241 ed
495 2177 614 2241 malam
634 2198 723 2261 spem
743 2178 861 2242 inritet.
899 2177 963 2244 hoc
980 2179 1045 2244 tale
1064 2182 1121 2264 est,

94 2267 190 2350 quale
213 2266 263 2330 vir
285 2264 379 2330 fortis
404 2265 520 2331 stolam
544 2264 691 2331 indutus:
721 2270 847 2332 constat
869 2266 932 2332 tibi
955 2267 1120 2352 pudicitia,

186 2459 208 2521 a]
222 2459 344 2529 upum
361 2458 400 2526 fr.
413 2461 468 2514 reo
487 2459 535 2517 us.

184 2582 201 2637 1
221 2582 413 2655 adulescentie
427 2583 453 2636 A
468 2581 680 2638 erubescentiae
692 2584 812 2654 Moduiy
826 2582 1025 2652 displicentiae
1037 2583 1119 2640 Gertz

93 2653 325 2709 adlubesccntiac
343 2654 505 2724 Petscheniy
528 2653 693 2709 adulatione
711 2654 849 2725 gliscente
867 2655 1005 2711 Schultess
1024 2654 1119 2710 abole-

93 2727 185 2780 sceuti
202 2724 396 2794 paenitentiae
416 2725 452 2780 E.
470 2726 589 2780 llromos
606 2725 616 2797 ll
633 2724 652 2780 5
669 2725 731 2794 ipse
747 2725 850 2783 Gruter
867 2726 931 2796 ipsa
945 2731 972 2782 A
990 2727 1000 2798 ll
1019 2727 1034 2782 l
1054 2743 1118 2796 pro-

92 2798 183 2867 pitius
202 2796 353 2852 secesseris
370 2796 491 2851 tristitie
504 2800 531 2849 A
550 2813 619 2852 corr.
633 2798 701 2868 coly.
719 2797 729 2869 ll
746 2797 781 2852 11
800 2798 850 2853 ille
868 2814 930 2853 curn
949 2799 1119 2855 antecedenti

92 2870 320 2939 interrogationis
343 2869 422 2938 siyno
446 2868 479 2921 iu
502 2869 563 2936 ipso
588 2885 668 2924 uerus
688 2869 755 2930 cce.
775 2868 816 2922 A¹
833 2911 842 2937 ,
861 2887 923 2925 curn
937 2870 978 2923 A¹
995 2872 1119 2938 spolium

92 2957 212 2996 vacuum
229 2941 384 3009 reliquisset
399 2937 410 3011 ll
432 2937 468 2993 18
486 2954 551 2992 cum
565 2939 686 3011 Madvig]
704 2940 772 2994 dum
785 2943 812 2994 A
830 2941 840 3012 Η
860 2940 896 2996 14
913 2940 1077 3009 uoluptates
1091 2943 1118 2995 A

92 3028 162 3067 corr.
176 3011 245 3082 colq.
263 3010 274 3084 ΙΙ
292 3011 326 3066 ll
345 3011 389 3065 set
406 3010 464 3064 iam
482 3009 550 3064 inde
566 3010 648 3066 Gertz
666 3012 753 3067 etiem
766 3011 834 3067 inde
848 3015 875 3066 A
893 3012 1015 3067 sedium
1030 3012 1118 3068 audet

92 3083 231 3139 Schultess
258 3083 262 3156 l
286 3081 322 3138 18
345 3081 470 3137 dicams
489 3081 588 3137 dicunt
600 3085 627 3136 A
646 3083 710 3138 dico
728 3083 797 3154 uolq.
820 3083 831 3157 ll
855 3083 891 3139 20
913 3083 1027 3138 infamis
1046 3085 1116 3155 uolp.

91 3154 188 3210 infans
201 3157 229 3209 A
275 3155 305 3209 et
322 3153 454 3209 inmerito
468 3155 496 3206 A
513 3168 566 3208 uec
584 3153 715 3209 inmerito
732 3155 814 3211 Gertz
831 3173 889 3212 non
907 3156 984 3224 bene,
1001 3158 1068 3225 quio
1085 3156 1117 3210 id

91 3226 167 3296 quod
183 3243 236 3296 seq.
259 3227 314 3282 hoe
336 3241 393 3281 non
409 3225 491 3283 narn
508 3241 561 3294 quo
578 3225 723 3292 referatur.
754 3243 803 3282 nec
820 3231 910 3299 inopis
923 3228 1025 3297 probo,
1043 3228 1117 3296 quod

92 3298 279 3354 Reitzenstein
288 3297 445 3368 properent,
459 3297 526 3351 llaec
539 3297 594 3352 duo
607 3297 690 3352 uerbo
703 3299 861 3354 Mensorio
876 3300 1016 3369 Epicsnm
1029 3300 1115 3353 tribu·

91 3369 166 3425 cndu
183 3385 254 3437 essc;
274 3376 344 3425 certe
360 3367 534 3423 scribendum
552 3375 613 3424 erat
634 3369 679 3423 ‘at
696 3369 842 3424 inmerito’
864 3412 873 3438 ,
891 3371 964 3440 quod
981 3371 1117 3427 Reiueclre

91 3440 206 3508 suasim
218 3441 266 3496 sed
278 3442 322 3495 nil
334 3439 506 3495 mutandum.
526 3440 577 3508 cfr.
587 3440 724 3497 Schultess
736 3443 811 3496 Ann.
825 3442 898 3498 stud.
912 3458 943 3511 p.
958 3447 994 3498 36
1009 3442 1016 3513 l
1029 3441 1081 3509 qui
1091 3445 1119 3494 A

92 3511 190 3580 quies
206 3517 232 3568 et
244 3512 313 3582 volu.
332 3511 343 3584 ll
359 3509 396 3565 28
410 3510 522 3565 constat
536 3511 656 3585 Modclo
675 3513 824 3569 constanti
839 3515 866 3568 A
883 3514 1026 3568 constane
1033 3509 1140 3567 uuus

80 3677 97 3684 'A
145 3617 358 3664 serranorum
371 3619 390 3661 L
403 3619 612 3667 trinomen
894 3625 939 3674 *A
