2438 3846
132 168 197 224 XIV
419 159 421 161 '
544 168 752 228 PRAEFATIO

222 319 377 393 Quantum
412 318 493 380 inter·
528 337 560 381 se
597 319 712 381 ouant
747 318 967 381 Ambrosianus
1004 321 1035 380 et
1069 319 1163 386 huius

132 412 225 471 sortis
246 408 376 485 oodioss,
402 409 436 469 in
463 409 719 471 consolatione
747 409 879 470 cernitur
902 410 947 470 ad
969 409 1164 487 Polybium

133 499 213 560 data.
246 500 332 560 cuius
355 497 489 559 maxima
510 516 596 576 pars,
619 513 690 561 corn
711 499 745 558 in
766 497 798 558 A
819 498 935 560 infelici
958 517 1030 559 casu
1053 499 1163 560 avulsa

133 591 187 664 sit,
211 609 226 648 e
249 588 466 649 recentIoribus
484 586 571 649 librIs
589 607 660 649 mss.
679 586 867 650 metituenda
886 591 940 649 est
973 607 1009 649 ao
1026 589 1164 665 proxime

132 679 256 756 quidem
274 677 413 738 accedere
433 676 472 738 ad
486 676 531 752 A,
554 677 606 738 sed
624 679 715 756 longo
733 677 896 739 intervdlo
913 679 1057 755 proxime,
1080 678 1163 739 codi-

85 776 114 830 B
132 787 196 828 cem
223 766 449 828 Berolinensem
476 759 536 849 (B)
562 767 604 826 M.
623 765 688 827 Lat.
703 766 768 829 Vol.
783 770 826 829 47
854 785 931 828 saec.
946 766 1019 827 XIV
1046 767 1164 828 dudum

131 857 320 916 intellectum
347 860 402 918 est.
447 856 559 931 multa,
587 872 664 934 quae
693 855 726 916 in
749 877 784 918 eo
806 856 883 917 bene
906 858 1035 918 correxit
1052 870 1163 919 manus

131 947 338 1007 recentissima
358 938 445 1028 (13²),
468 965 487 1005 a
505 964 598 1006 manu
615 945 716 1023 prima
733 946 808 1007 mire
826 946 1008 1024 discrepant
1026 947 1164 1008 virormn

132 1035 288 1096 doctorum
310 1036 443 1096 inventis
466 1037 513 1096 ita
535 1034 732 1112 concordant,
750 1039 791 1097 'ut
812 1056 873 1096 non
896 1036 961 1096 sine
984 1055 1076 1098 causa
1094 1037 1164 1115 qui·

132 1124 203 1184 dam
225 1124 373 1201 suspicati
396 1124 459 1184 sint
480 1125 583 1200 petita
602 1144 639 1184 ea
661 1142 726 1185 esse
749 1144 785 1184 ex
807 1125 939 1185 editione
958 1126 1063 1202 aliqua
1082 1129 1163 1186 anti·

52 1221 116 1274 DE
132 1233 200 1290 qua.
242 1213 328 1274 Koch
351 1212 458 1272 deinde
482 1213 610 1276 duorum
632 1214 771 1274 codicum
793 1233 869 1275 suec.
884 1215 957 1274 XIV
984 1208 1032 1298 (D
1057 1218 1088 1276 et
1106 1208 1163 1298 E),

85 1356 89 1361 .
132 1305 186 1380 qui
201 1303 262 1380 ipsi
276 1322 398 1380 quoque
412 1303 579 1363 Mediolani
594 1304 628 1363 in
646 1302 829 1364 bibliotheca
844 1303 1048 1364 Ambrosiana
1066 1323 1162 1366 asser·

130 1394 253 1471 vantur,
269 1392 368 1453 varias
382 1393 527 1453 lectiones
546 1393 717 1453 accuratius
739 1412 831 1470 qnam
849 1393 982 1453 Fickerti
1000 1394 1161 1456 collatores

82 1489 118 1543 Η
132 1481 275 1542 exhibuit
301 1482 348 1542 hIs
359 1481 449 1542 Gertz
464 1481 527 1542 cod
537 1475 743 1542 Hauniensem
751 1474 813 1565 (H)
823 1501 900 1543 saec.
907 1483 973 1559 XV,
986 1486 1023 1544 ut
1031 1482 1163 1561 videtur,

132 1571 249 1631 addidit
258 1573 297 1646 et,
311 1573 347 1631 ut
360 1589 454 1648 supra
464 1570 534 1647 dixi,
548 1571 697 1648 inprimis
711 1571 861 1650 capitibus
871 1574 935 1633 cod.
943 1573 1161 1634 Florentinum

131 1661 184 1721 sed
216 1679 285 1720 cum
316 1679 418 1721 omnes
451 1679 555 1721 eorum
585 1661 751 1739 scripturas
779 1661 811 1721 in
840 1664 1088 1723 commentarium
1115 1665 1162 1723 iu-

131 1769 232 1828 gerere
253 1769 314 1810 non
332 1771 348 1808 e
367 1769 400 1810 re
419 1751 507 1826 esset,
525 1753 701 1811 astantum
719 1771 755 1810 ex
776 1752 895 1829 ingenti
917 1752 995 1812 mole
1018 1753 1162 1830 excerpsi,

132 1856 209 1916 qnae
233 1857 465 1899 commemorare
489 1840 751 1919 operaepretium
774 1841 936 1902 videretur.
981 1841 1031 1901 hic
1057 1842 1121 1902 illic
1145 1863 1162 1902 e

92 1936 119 1989 V
131 1929 265 1990 Fickerti
283 1931 434 2007 apparatu
453 1929 519 1990 cod
532 1929 779 1991 VratIslaviensis
799 1922 860 2013 (V)
881 1933 913 1991 et
931 1929 1163 2008 Guelferbytani

85 2023 112 2079 G
131 2011 190 2100 (G)
214 2019 357 2079 lectiones
382 2017 530 2095 quasdam
552 2019 712 2080 accessisse
735 2019 810 2081 satis
833 2019 930 2079 habeo
958 2021 1008 2080 hio
1029 2039 1161 2082 monere.

221 2106 407 2168 coniecturis
434 2108 570 2168 virorum
598 2108 757 2170 doctorum
783 2109 888 2169 multis
916 2109 992 2168 mihi
1014 2111 1062 2169 uti
1084 2109 1162 2170 licu-

129 2196 188 2256 isse
216 2198 303 2276 grato
330 2197 380 2256 hic
409 2196 511 2257 animo
538 2197 689 2274 profiteor.
735 2200 860 2258 nomina
885 2217 989 2258 eorum
1011 2199 1044 2258 in
1067 2210 1162 2276 appa-

130 2289 199 2346 ratu
223 2285 327 2346 critico
347 2285 410 2346 suis
434 2286 508 2347 locis
531 2287 639 2346 notata
660 2287 810 2363 invenies3
832 2291 869 2349 ut
890 2306 960 2348 vero
980 2286 1161 2365 disputatio·

129 2394 181 2435 nes
209 2376 292 2451 ipsas
320 2374 467 2452 inspicere
495 2375 607 2453 possis,
633 2376 763 2437 indIcem
789 2395 892 2437 eorum
916 2377 1088 2437 libellorum
1110 2376 1162 2439 hic

129 2483 310 2542 proponam,
334 2483 409 2541 qnos
432 2465 465 2524 in
488 2484 577 2542 opere
601 2464 737 2543 adhibui3
760 2470 832 2527 sunt
854 2469 957 2527 autem
979 2467 1026 2527 hi:

130 2609 160 2664 L.
172 2608 199 2663 Ο.
210 2609 248 2663 M.
263 2607 373 2663 Aubert
395 2609 590 2666 adnotationes
608 2611 641 2666 ta
658 2610 776 2667 Senecae
800 2612 868 2666 dial.
884 2613 905 2666 1
923 2609 955 2665 in
973 2613 1051 2668 Mas.
1070 2611 1160 2669 Rhea.

200 2687 318 2742 XXXVI
335 2706 363 2758 p.
375 2695 474 2759 lVSsq.

129 2778 249 2847 Bentley
262 2777 328 2833 ride
337 2778 369 2832 E.
380 2778 510 2835 Hedicke
520 2780 622 2836 Studia
631 2781 809 2848 Bectletaao,
818 2783 859 2837 II
863 2782 967 2838 Seneca
976 2782 1162 2838 Bentles'aaue

201 2858 395 2915 Freienwalde
413 2864 492 2914 1899.

130 2949 160 3002 Ε.
176 2948 357 3004 Badstttbner
382 2951 514 3022 Beitre'tpe
538 2967 589 3006 ear
615 2951 780 3023 Erlelttruap
797 2969 826 3006 a.
846 2952 944 3008 Krite'lc
968 2953 1017 3008 der
1039 2951 1162 3022 pbiloso-

197 3029 332 3098 ptisclec
349 3030 490 3099 Schriften
507 3031 626 3088 Senecas
644 3030 794 3103 Hamburg
810 3037 888 3086 1901.

129 3118 154 3173 J.
164 3118 189 3173 J.
205 3117 383 3174 Cornelissen
401 3120 586 3177 Coniectanea
604 3122 696 3177 ῑαιὶπα
713 3120 885 3177 Darentrias
900 3127 980 3176 1870.

129 3208 163 3262 R.
178 3207 248 3262 Ellis
267 3207 440 3264 Adversaris
459 3210 486 3266 V
500 3209 531 3264 in
548 3211 672 3266 Joeernat
690 3213 725 3280 of
738 3213 884 3284 Ptslolopy
901 3209 1019 3266 XXVIII
1036 3229 1065 3281 p.
1076 3216 1160 3282 ltsq.

130 3299 163 3352 A.
179 3297 302 3351 Eussner
320 3299 365 3353 Za
382 3298 486 3355 Seneca
503 3299 535 3354 in
553 3300 807 3372 matescense)
826 3319 854 3371 p.
867 3305 927 3355 898.

167 3410 201 3418 -
238 3379 284 3433 Za
301 3377 406 3434 Seneca
419 3379 453 3434 de
471 3385 562 3452 tranq.
582 3382 674 3437 ocimi
691 3382 722 3436 in
740 3382 840 3437 Philet.
852 3386 886 3436 89
905 3399 933 3451 p.
945 3386 1006 3436 ota.

167 3491 200 3499 -
238 3459 282 3513 Zu
301 3459 405 3515 Seneca
422 3460 456 3515 de
474 3462 530 3517 otio
548 3461 579 3515 in
597 3462 698 3517 Pbelot.
710 3467 745 3515 42
764 3479 792 3531 p.
804 3466 865 3516 807.

107 3541 134 3591 J.
144 3543 312 3600 Feldrnann
334 3548 551 3609 Observationes
569 3551 608 3608 ad
627 3551 758 3609 Senecam
776 3553 888 3608 criticae
906 3549 1033 3608 Ostrowo
1044 3556 1123 3607 1887.
