2438 3846
165 173 216 229 AD
236 173 430 230 PAVLINVM
449 173 498 228 DE
517 173 727 228 BREVITATE
742 126 854 228 VITAld
874 172 950 228 CAP.
967 179 999 228 13
1043 178 1107 243 299

85 319 305 408 ‘depugnantl
323 342 438 406 parum
453 323 510 385 est.
533 319 760 386 lancinantur?
779 342 893 406 parum
908 325 970 386 est:
984 321 1109 408 ingenti

84 411 170 478 mole
198 411 385 478 animalium
413 409 628 476 exteranturl'
674 410 773 475 satius
798 415 865 475 erat
888 410 951 476 ista
973 411 1008 475 in
1031 411 1143 479 obli-r

83 501 213 567 vionem
236 501 295 584 ire,
318 521 359 565 ne
379 499 450 583 quis
469 505 583 585 postea
600 502 716 584 potens
735 499 871 566 disceret
889 499 1110 585 invideretque

84 591 130 656 rei
160 590 293 656 minime
322 589 491 655 humanae.
538 611 557 655 o
586 593 744 674 quantum
772 589 919 676 caliginis
948 589 1109 656 mentibus

53 680 204 746 anostris
242 678 341 745 obicit
373 701 490 765 magna
522 679 673 744 felicitasi
718 679 774 744 ille
807 701 840 744 se
873 701 970 763 supra
1002 702 1110 745 rerum

83 774 233 835 naturam
264 790 332 834 esse
363 772 441 834 tunc
471 767 619 852 credidit,
649 790 723 834 oum
753 772 804 833 tot
834 769 1023 835 miserorum
1053 769 1109 834 ho·

84 859 209 925 minum
239 862 383 925 catervas
413 858 473 923 sub
504 857 568 922 alio
599 859 688 924 caelo
716 859 800 922 natis
828 859 931 923 beluis
961 858 1110 942 obiceret,

84 971 159 1014 oum
186 949 308 1014 beilum
336 948 421 1012 inter
447 952 516 1012 tam
544 947 683 1033 disparia
711 947 864 1012 animalia
886 950 1111 1032 committeret,

84 1061 159 1104 cum
186 1038 221 1102 in
248 1041 457 1122 conspectum
481 1038 595 1122 populi
619 1036 757 1103 Romani
781 1039 920 1102 multum
944 1038 1110 1124 sanguinis

40 1149 66 1189 ro
84 1126 234 1194 funderet
260 1149 338 1193 mox
365 1128 438 1212 plus
467 1128 575 1212 ipsum
598 1127 732 1192 fundere
756 1132 940 1211 coacturus3
968 1132 1001 1191 at
1024 1127 1109 1192 idem

83 1221 198 1303 postea
220 1215 439 1282 Alexandrina
467 1216 602 1302 perfidia
630 1217 782 1301 deceptus
807 1217 923 1282 ultimo
947 1216 1109 1301 mancipio

83 1306 362 1373 transfodiendum
400 1328 434 1372 se
470 1306 631 1391 praebuit,
673 1309 743 1371 tum
781 1306 909 1371 demum
947 1307 1110 1371 intellecta

83 1396 173 1461 inani
200 1395 373 1461 iactatione
402 1396 604 1482 cognominis
633 1395 692 1461 sui.
740 1396 795 1461 sed
818 1400 855 1460 ut
878 1395 935 1460 iiio
959 1400 1144 1479 revertar,8

83 1485 170 1550 unde
197 1484 332 1569 decessi,
365 1488 397 1549 et
424 1486 458 1550 in
491 1485 601 1550 eadem
634 1484 769 1550 materia
801 1485 968 1550 ostendam
1002 1507 1110 1568 super-

40 1595 65 1636 is
83 1596 219 1641 vacuam
230 1573 444 1659 quorumdam
454 1574 669 1661 diligentiam:
688 1574 773 1638 idem
784 1575 934 1639 narrabat
943 1574 1110 1639 Metellum

83 1663 178 1728 victis
206 1664 241 1728 in
268 1661 379 1728 Sicilia
406 1662 523 1728 Poenis
551 1663 806 1748 triumphantem
835 1685 935 1728 unum
965 1663 1110 1727 omnium

84 1751 306 1818 Romanorum
338 1756 412 1817 ente
443 1774 573 1819 currum
602 1757 732 1819 centum
761 1757 793 1818 et
820 1753 936 1839 viginti
965 1753 1109 1836 captivos

85 1841 274 1925 elephantos
298 1842 441 1926 duxisse,
470 1841 594 1907 Sullam
617 1842 769 1906 ultimum
793 1840 1014 1907 Romanorum
1038 1863 1110 1926 pro-

84 1932 197 1996 tulisse
235 1931 429 2017 pomerium,
472 1933 558 2016 quod
594 1954 772 2016 numquam
810 1931 1013 2016 provinciali,
1055 1931 1110 1995 sed

39 2041 66 2082 ao
84 2019 198 2085 italico
232 2043 310 2107 agro
344 2021 505 2105 adquisito
539 2021 683 2105 proferre
716 2021 815 2085 moris
848 2024 927 2106 aput
959 2020 1109 2104 antiquos

84 2110 156 2174 fuit.
201 2108 264 2174 hoc
289 2110 368 2176 scire
393 2112 495 2196 magis
520 2110 665 2195 prodest,
689 2132 784 2194 quam
805 2109 1002 2174 Aventinum
1021 2132 1111 2174 mon·

85 2203 151 2264 tem
176 2203 266 2265 extra
288 2200 469 2283 pomerium
494 2222 576 2284 esse,
606 2205 644 2264 ut
666 2200 721 2265 ille
745 2200 948 2284 adfirmabat,
979 2204 1111 2284 propter

86 2291 219 2354 alteram
253 2311 293 2353 ex
325 2291 448 2354 duabus
477 2291 595 2373 causis,
628 2294 683 2354 aut
712 2290 797 2374 quod
825 2290 916 2375 plebs
945 2312 983 2354 eo
1011 2310 1128 2374 seces·⁴

86 2379 193 2460 sisset,
222 2382 278 2444 aut
307 2379 393 2464 quod
417 2379 520 2445 Remo
549 2380 736 2463 auspicante
765 2380 821 2443 illo
850 2381 921 2444 loco
947 2401 1020 2444 aves
1044 2400 1111 2443 non

41 2487 66 2528 ει
86 2469 297 2551 addixissent,
321 2469 384 2534 alia
403 2469 552 2553 deinceps
572 2469 833 2552 innumerabilia,
853 2491 934 2553 quae
954 2473 1009 2533 aut
1028 2469 1110 2533 farta
1130 2486 1145 2534 9

177 2697 307 2754 lecrto:
326 2699 539 2770 depugnant.
557 2716 616 2754 ex
617 2699 752 2754 t.erantur
786 2698 900 2768 Pompei
918 2715 973 2754 esse
991 2697 1023 2752 de
1042 2704 1111 2753 sorte

85 2770 198 2826 ellonem
216 2771 357 2826 hominum
375 2773 456 2840 qrrusi
474 2772 651 2827 deliberantis
668 2771 749 2826 Gertz
764 2772 905 2856 perspexit
926 2770 929 2840 1
895 2769 1112 2826 tlancinatur

86 2845 113 2896 i
143 2842 146 2914 1
174 2843 284 2911 ingenti
309 2859 377 2898 corr.
400 2860 434 2899 eo
458 2842 556 2912 ingeni
577 2843 619 2898 Λ2
640 2844 650 2915 11
676 2841 861 2896 20b1u10nu
882 2842 925 2897 A²
948 2858 1015 2898 corr.
1038 2842 1079 2896 Αὅ
1101 2842 1112 2913 11

86 2914 367 2982 ”inconspectum
381 2915 437 2969 A
428 2933 458 2969 m
473 2917 625 2983 conspectu
644 2915 712 2985 oolp.
727 2914 737 2985 11
755 2913 887 2967 mirans
906 2913 1055 2967 fodiendus
1070 2913 1111 2967 A¹

86 3001 155 3040 corr.
174 2986 242 3056 Α’,Ι
233 2989 242 3023 ¹
266 2984 300 3039 13
318 2987 445 3040 reuertar
462 2985 538 3040 unde
557 2985 599 3040 Α1
617 3002 685 3041 corr
705 3002 739 3040 ex
759 2985 986 3040 reuertamnda'
974 3003 1006 3039 ec
1024 3001 1111 3068 mara

85 3055 140 3110 Al:
166 3014 336 3112 tredertam
358 3056 368 3128 11
392 3056 428 3112 14
447 3057 562 3113 decessi.
591 3058 661 3126 et(.
682 3058 741 3112 et
729 3075 760 3112 aa
778 3059 844 3126 ros)
863 3057 905 3111 Αθ
931 3055 1052 3112 decessit
1069 3056 1112 3112 Αι

87 3127 204 3183 discessi
227 3130 291 3183 ets
314 3129 417 3183 recessi
436 3131 465 3183 et
483 3130 562 3185 Pina
582 3129 658 3184 codd.
684 3129 694 3202 11
719 3128 754 3183 16
777 3128 901 3183 insioilia
919 3127 991 3183 Α8
979 3147 1010 3184 aa
1028 3146 1083 3185 ros.
1102 3129 1112 3199 11

86 3199 122 3254 18
142 3198 243 3269 syllam
261 3199 394 3255 ultimum
413 3202 550 3270 (timum
539 3219 571 3256 m
583 3218 638 3256 omas
654 3219 688 3256 m
703 3203 731 3271 3)
745 3203 773 3255 Α
788 3200 797 3271 11
816 3200 850 3254 19
868 3199 1020 3269 prouioiali
1037 3201 1110 3270 (sici)

86 3287 148 3326 ao
163 3271 228 3327 add
244 3271 313 3344 Α’11
331 3271 367 3326 ⁰0
382 3273 525 3342 adquisito
545 3273 709 3342 (itoeurffias
726 3274 876 3328 maiorem.
892 3275 920 3342 3)
935 3274 963 3327 A
981 3272 991 3343 11
1009 3271 1111 3325 211100

86 3344 115 3397 A
133 3341 205 3398 haec
220 3321 381 3413 Weseriberq
398 3345 408 3413 11
425 3343 632 3413 ‘lipomanum
646 3343 689 3398 A²
706 3344 869 3412 pompeium
884 3343 949 3415 11¹1!
967 3343 1003 3398 24
1017 3343 1111 3412 auspi-

88 3413 166 3467 canti
185 3414 346 3484 Wesenberq
363 3415 426 3482 sort.
445 3422 514 3470 reete
535 3416 547 3487 11
569 3415 605 3470 25
624 3415 807 3469 addixissent
841 3414 955 3470 Alia..
972 3414 1109 3470 .similia.

87 3500 154 3538 narn
173 3485 242 3555 τοῖς
260 3487 521 3557 interpunpebatum
538 3502 607 3542 corr.
628 3487 712 3542 Gens
740 3487 743 3556 1
770 3485 846 3540 farta
864 3489 892 3541 A
916 3487 998 3555 paria
1017 3487 1114 3540 Haase

89 3554 149 3626 (cfr
164 3557 257 3626 praef.
271 3557 323 3613 coi.
340 3559 359 3612 1
369 3573 399 3627 p
413 3558 484 3630 VII)
503 3527 578 3613 luite
593 3557 679 3616 Gertz
