2438 3846
167 153 218 207 AD
237 151 431 206 PAVLINVM
449 151 498 205 DE
514 145 728 206 *autumare
742 150 855 205 VITAE
875 149 952 206 OAP.
968 158 992 205 4.
1008 157 1024 206 5
1066 153 1132 220 285

107 298 293 364 Danuvium
329 297 484 363 terminos
522 301 645 382 movet,
681 297 715 362 in
752 298 824 382 ipss
860 298 939 362 urbe
971 296 1144 381 Murenae,

108 387 293 473 Caepionis,
314 387 443 472 Lepidi,
465 386 601 473 Egnati,
631 387 769 452 aliorum
799 388 834 452 in
861 409 935 452 eum
963 409 1133 452 mucrones

107 478 311 543 acuebantur.
352 477 497 543 nendum
520 477 638 541 horum
661 477 818 563 effugerat
840 476 986 543 insidias:
1010 477 1079 542 filia
1100 480 1134 542 et
1152 492 1169 541 6

106 570 157 632 tot
185 567 310 632 nobiles
341 567 471 632 iuvenes
500 566 658 632 adulterio
682 567 772 631 velut
799 571 999 631 'sacramento
1028 567 1134 631 adaati

76 657 173 721 siam
195 656 365 721 infrsetam
389 659 526 721 aetatem
548 656 740 721 territabant
762 653 947 740 Paulusque
966 659 998 721 et
1016 657 1134 721 iterum

106 746 251 811 timenda
278 768 352 812 eum
375 745 519 826 Antonio
547 746 672 810 mulier.
717 746 797 812 haee
825 747 934 810 uleera
956 766 1031 811 eum
1053 746 1134 830 ipsis

107 835 259 901 membris
289 834 481 900 absoiderat:
511 835 575 900 alia
605 834 893 918 subnascebantur3
918 836 1009 900 velut
1037 855 1135 921 grave

107 926 211 989 multo
244 925 401 1011 sanguine
433 946 550 1009 eorpus
584 927 676 1009 parte
709 945 836 1008 semper
868 925 977 1008 aliqua
1007 946 1135 1009 rumpe·

106 1015 210 1079 batur.
257 1015 366 1099 itaque
395 1015 498 1079 otium
526 1014 673 1098 optabat,
701 1014 736 1078 in
758 1013 855 1079 huius
880 1035 936 1097 spe
959 1017 992 1079 et
1014 1015 1135 1100 eogita-

62 1127 89 1167 ιο
107 1103 196 1169 tione
227 1104 354 1169 labores
387 1103 455 1168 eius
487 1103 682 1186 residebant,
714 1104 779 1168 hoe
810 1107 924 1168 votum
956 1107 1026 1168 erat
1057 1104 1134 1187 eius,

108 1193 165 1277 qui
188 1193 257 1258 voti
280 1196 445 1278 compotes
469 1192 574 1257 faeere
597 1195 732 1278 poterat.

197 1281 237 1347 V.
281 1282 323 1348 M.
353 1281 463 1348 Cicero
501 1283 599 1346 inter·
623 1280 792 1365 Catilinas,
830 1279 961 1347 Clodios
998 1281 1169 1346 iaetatuer

107 1369 344 1456 Pompeiosque
374 1374 407 1436 et
437 1369 583 1456 Crassos,
612 1372 733 1456 partim
761 1370 950 1436 manifestos
977 1369 1135 1452 inimicos,

107 1462 226 1545 partim
251 1461 365 1527 dubios
389 1461 523 1545 amieos,
552 1461 629 1526 dum
652 1461 829 1526 fluctuatur
851 1482 925 1526 eum
948 1482 982 1525 re
1005 1459 1137 1543 publiea

63 1572 89 1614 rs
108 1553 140 1615 et
172 1551 262 1616 illam
294 1573 425 1637 pessum
457 1554 587 1616 euntem
619 1554 720 1635 tenet,
757 1550 933 1616 novissime
970 1549 1135 1632 abduetus,

87 1662 166 1705 vneo
199 1640 347 1707 secundis
379 1641 474 1706 rebus
508 1641 636 1724 quietus
668 1662 728 1706 nee
761 1641 967 1706 adversarum
1001 1639 1136 1724 patiens,

108 1731 257 1813 quotiens
280 1731 374 1795 illum
397 1731 504 1814 ipsum
528 1731 732 1796 consulatum
754 1752 848 1795 suum
866 1751 933 1794 non
952 1729 1021 1794 sine
1040 1750 1137 1794 eausa

107 1819 163 1884 sed
187 1820 255 1884 sine
278 1820 343 1884 fine
365 1819 533 1884 laudatum
554 1821 744 1886 detestaturi
782 1841 879 1904 quarn
897 1819 1021 1884 flebiles
1040 1833 1170 1883 voeesa

107 1909 259 1992 exprimit
291 1910 326 1973 in
358 1909 498 1993 quadarn
530 1908 571 1974 ad
601 1907 748 1974 Atticum
781 1909 921 1994 epistula
952 1908 1017 1972 iam
1047 1908 1135 1972 vieto

61 2020 89 2061 ro
107 2002 198 2081 patre
230 1996 401 2082 Pompeio,
434 1998 540 2063 adhue
569 1999 638 2064 filio
669 1999 703 2064 in
733 1997 894 2083 Hispania
920 1998 1024 2062 frasta
1047 2018 1137 2061 arma

106 2086 284 2151 refovente!
331 2087 427 2172 ‘quid
455 2087 565 2174 agam'
590 2088 697 2173 inquit
725 2088 807 2171 ‘hio,
832 2085 982 2171 quaeris?
1027 2107 1137 2150 moror

106 2175 141 2239 in
178 2175 361 2242 Tusculano
399 2196 471 2242 meo
510 2176 692 2242 semiliber?
749 2178 813 2241 alia
846 2176 995 2259 deinceps
1029 2173 1136 2258 adieit,

108 2265 224 2348 quibus
255 2269 287 2330 et
316 2266 457 2351 priorem
486 2270 623 2332 aetatem
652 2267 834 2351 complorat
857 2269 889 2330 et
913 2265 951 2330 de
974 2264 1138 2350 praesenti

107 2354 253 2438 queritur
283 2359 315 2420 et
346 2357 384 2422 de
411 2357 522 2422 futura
551 2356 707 2442 desperat.
754 2355 973 2422 semiliberum
997 2377 1031 2419 se
1055 2354 1172 2419 dixite

61 2464 88 2506 rs
108 2442 234 2510 Gieeroz
274 2449 308 2509 at
344 2468 396 2511 me
432 2446 579 2512 heroules
615 2466 793 2529 numquam
831 2445 959 2527 sapiens
996 2444 1032 2508 in
1068 2446 1136 2507 tem

57 2591 62 2596 .
106 2534 230 2599 humile
253 2556 372 2600 nomen
394 2536 561 2621 procedet,
583 2556 762 2618 numquam
781 2533 945 2599 semiliber
963 2531 1137 2616 erit,'inte

107 2644 184 2709 grae
214 2645 341 2709 semper
369 2624 528 2691 libertatis
557 2629 589 2690 et
617 2624 751 2708 solidae,
776 2623 902 2689 solutus
926 2625 959 2688 et
982 2623 1034 2688 sui
1056 2623 1136 2688 iuris

108 2716 140 2776 et
172 2712 269 2778 altior
302 2715 423 2779 ueteris.
471 2715 549 2799 quid
580 2715 666 2779 enim
696 2736 795 2798 supra
824 2735 898 2777 eum
926 2715 1137 2797 potestesse,

108 2801 165 2885 qui
189 2824 287 2887 supra
310 2803 474 2869 fortunam
497 2802 569 2870 est?

197 2940 234 2997 20
253 2943 308 2998 Oia.
323 2943 423 3013 frapm.
438 2945 514 3012 epist.
531 2944 563 2998 E
579 2944 631 2999 XI
646 2945 683 3013 (=
697 2959 737 3012 ep.
753 2943 791 2997 ud
808 2942 839 3013 Q.
849 2942 967 3010 Asiam)
982 2945 1000 2996 6
1013 2968 1040 2987 =
1055 2942 1137 2997 11⁷3

104 3030 134 3082 p.
150 3017 212 3080 303,
228 3019 264 3069 30
283 3014 366 3068 Muza.
753 3018 756 3024 ·

196 3100 214 3156 2
238 3101 356 3172 Egnati,
383 3102 502 3157 alionum
525 3103 607 3158 Gertz
632 3101 811 3173 egnatiorum
833 3103 861 3157 A
886 3102 896 3174 tl
923 3103 941 3156 b
963 3100 1137 3172 Paullusque

107 3173 209 3228 Rubea
226 3173 348 3243 plusque
362 3175 390 3229 A
407 3174 417 3247 Η
440 3175 457 3229 8
475 3177 558 3244 parte
577 3191 688 3243 semper
707 3175 806 3244 aliqua
824 3172 1010 3242 rumpebatur
1026 3174 1137 3230 &oneo

106 3246 203 3313 partes
227 3261 339 3314 semper
362 3246 433 3315 aliq;
457 3246 664 3317 rumpebantur
682 3247 724 3302 A¹
738 3291 747 3314 ‚
761 3264 815 3318 pro
834 3245 906 3314 aliq;
927 3246 1038 3316 airpulu
1057 3263 1137 3302 erasa

108 3315 221 3383 aliquae
246 3320 356 3386 scripsit
376 3317 445 3390 ΑἸΙ
464 3318 499 3372 19
523 3319 662 3389 expremit
683 3320 794 3389 siesbye
812 3318 890 3390 epred
912 3317 1054 3373 Gertzium
1074 3319 1077 3389 i
1100 3318 1137 3372 ad

106 3403 128 3441 s.
142 3404 167 3441 o.
189 3388 254 3442 add.
278 3389 321 3444 Α*
347 3396 380 3444 at
406 3391 461 3444 eid.
488 3389 526 3444 ad
551 3391 654 3445 Axium
680 3392 798 3461 Lipsius
825 3390 885 3445 coll.
910 3389 984 3446 Suet.
1007 3391 1065 3444 Juz.
1088 3394 1106 3446 9
1128 3390 1138 3463 Η

107 3475 144 3530 ‘ld
167 3478 297 3545 procidet
318 3479 415 3532 Haase
440 3479 450 3550 ξΙ
474 3478 510 3533 28
536 3470 588 3549 suf)
613 3485 648 3534 eu
670 3482 698 3534 A
722 3481 770 3535 sed
793 3496 811 3534 a
833 3495 920 3547 aspra
941 3496 960 3546 p
979 3478 1048 3532 add.
1064 3483 1142 3531 aab

107 3548 252 3618 audeatque
271 3553 306 3604 er'r
324 3552 356 3604 ia
374 3567 429 3605 ras.
445 3552 556 3621 scripsit
1137 3590 1145 3604 κ
