2438 3846
313 200 363 255 DE
381 200 446 254 IRA
464 200 532 255 LIB.
546 200 581 254 11.
614 199 690 257 cAP.
705 207 748 255 22.
764 206 806 256 23.
823 207 857 256 24
1053 203 1097 268 93

75 351 161 431 tum,
184 347 239 412 sed
263 345 500 432 suspicionibus
523 346 710 432 inpellimur
732 351 766 412 et
788 369 828 412 ex
850 347 943 413 vultu
965 347 1097 432 risuque

76 437 182 503 alieno
205 435 315 520 peiora
337 435 540 521 interpretati
562 435 789 502 innocentibus
812 436 1086 502 irascimur?ita

77 548 139 611 qne
162 526 286 611 agenda
309 530 358 591 est
343 529 492 591 toontra
509 547 544 591 se
562 546 658 591 causa
676 525 818 592 absentis
837 525 896 591 et'
888 549 923 590 m
940 547 1097 629 suspenso

76 617 124 680 ira
155 615 335 699 retinenda,
367 618 476 700 potest
510 615 594 680 enim
632 637 737 700 poena
770 614 869 680 dilata
900 615 1000 701 exigi,
1031 637 1098 680 non

45 725 58 766 s
76 707 186 789 potest
208 709 320 770 exacta
341 704 493 770 revocari.

165 792 283 858 XXIH.
320 792 428 860 Notus
452 796 502 859 est
523 793 578 858 ille
601 793 816 878 tyrannicida,
841 794 898 879 qui
919 793 1133 878 inperfecto1

77 905 172 968 opere
202 882 440 967 conprehensus
471 887 504 948 et
532 882 573 949 ab
600 882 724 968 Hippia
750 887 870 967 tortus,
892 888 930 949 ut
952 884 1099 950 conscios

76 972 246 1056 indicaret,
269 974 512 1038 circumstantes
536 972 656 1038 amicos
679 973 809 1058 tyranni
831 973 1013 1039 nominarit
1031 974 1100 1056 qui-

78 1062 201 1145 busque
231 1063 370 1127 maxime
401 1084 507 1128 caram
537 1063 674 1127 salutem
705 1064 774 1129 eius
804 1062 939 1147 sciebat3
970 1067 1099 1128 etcum

33 1173 59 1213 ro
77 1151 132 1216 ille
155 1152 314 1237 singulos,
337 1155 375 1216 ut
397 1151 556 1216 nominati
580 1155 683 1234 eraut,
703 1152 806 1218 occidi
824 1153 984 1236 iussisset,
1004 1152 1101 1218 inter·

76 1241 228 1326 roganti,
242 1241 352 1324 ecquis
370 1245 565 1326 superesset,
588 1240 658 1306 ‘tu'
676 1241 784 1325 inquit
802 1243 920 1326 ‘solus3
937 1241 1100 1309 neminem

77 1331 163 1395 enim
197 1329 297 1395 alium
329 1328 382 1396 cui
414 1350 506 1395 carus
540 1351 626 1396 esses
657 1330 795 1417 reliqui?
842 1331 948 1397 effecit
975 1330 1037 1414 ira,
1064 1334 1101 1397 ut

76 1422 233 1504 tyrannus
252 1419 472 1504 tyrannicidae
490 1441 605 1485 manus
624 1420 882 1486 accommodaret
896 1425 929 1487 et
942 1420 1101 1505 praesidia

78 1528 136 1577 suo
158 1508 267 1594 gladio
291 1530 349 1574 suo
373 1509 527 1574 caederet.
565 1514 687 1594 quanto
708 1509 885 1575 animosius
904 1509 1101 1576 Alexanderl
1120 1524 1136 1571 ι

34 1619 59 1660 ιι
78 1597 135 1682 qui
163 1619 236 1663 cum
263 1598 396 1684 legisset
423 1599 596 1682 epistulam
622 1599 749 1684 matris,
772 1621 836 1685 qua
858 1598 1103 1683 admonebatur,

77 1690 115 1751 nt
133 1710 152 1752 a
169 1709 293 1752 veneno
307 1686 453 1773 Philippi
471 1688 587 1753 medici
603 1693 730 1754 caveret
729 1693 918 1792 ,acceptum
934 1690 1101 1774 potionem

78 1797 145 1841 non
167 1776 338 1842 deterritus
367 1777 463 1842 bibit:
500 1779 574 1862 plus
598 1777 661 1842 sibi
684 1778 723 1844 de
747 1779 851 1844 amico
874 1799 933 1843 suo
958 1779 1101 1845 credidit
1121 1793 1137 1841 s

78 1865 277 1952 dignust
213 1865 277 1930 fuit
295 1866 351 1950 qui
370 1866 524 1932 innocent
525 1889 576 1932 em
596 1866 731 1933 haberet
730 1868 875 1971 ,dignus
895 1889 952 1953 qur
943 1868 1102 1935 faceretl

78 1955 141 2020 hoc
164 1978 202 2021 eo
226 1955 329 2042 magis
354 1955 389 2020 in
406 1955 591 2022 Alexandro
614 1957 726 2041 laudo,
749 1959 826 2042 quia
845 1978 941 2023 nemo
960 1960 1028 2023 tam
1047 1957 1103 2022 ob·

34 2066 61 2106 ro
79 2045 195 2109 noxius
222 2045 288 2110 irae
313 2044 389 2130 fuit,
418 2067 482 2129 qno
505 2046 608 2111 rarior
629 2051 738 2113 autem
762 2047 973 2113 moderatio
964 2047 1103 2133 1nregi-

79 2134 153 2216 bus,
182 2134 245 2200 hoc
273 2134 435 2199 laudanda
462 2135 565 2222 magis
594 2139 651 2201 est.
697 2135 860 2203 fecithoc
883 2140 916 2202 et
939 2135 1139 2201 O.(laesar4

79 2222 134 2287 ille
164 2223 221 2306 qui
250 2224 386 2289 uictoria
416 2224 504 2290 civili
536 2224 786 2291 clementissime
815 2247 894 2291 usus
925 2229 987 2290 est:
1028 2246 1103 2290 cum

79 2313 197 2377 scrinia
233 2311 455 2397 deprendisset
491 2314 703 2399 epistularum
745 2314 785 2380 ad
827 2314 883 2380 On.
911 2314 1104 2399 Pompeium

80 2402 249 2466 missarum
282 2403 323 2467 ab
356 2403 410 2487 iis,
442 2404 498 2487 qui
525 2403 720 2469 videbantur
748 2408 806 2469 aut
832 2404 867 2469 in
890 2403 1024 2470 dirersis
1048 2407 1105 2469 aut

34 2512 61 2552 ιι
79 2492 114 2555 in
136 2492 258 2556 neutris
282 2492 383 2557 fuisse
405 2493 566 2578 partibus,
590 2493 777 2559 combussit.
824 2493 971 2578 quamvis
997 2494 1105 2558 mode·

79 2584 147 2645 rate
166 2581 284 2646 soleret
301 2581 406 2666 irasci,
420 2583 536 2648 maluit
550 2587 660 2649 tamen
676 2606 744 2649 non
756 2604 865 2668 posse;
883 2582 1104 2670 gratissimum

79 2671 207 2753 putavit
238 2692 341 2757 genus
370 2673 483 2736 veniae
512 2673 636 2738 nescire
665 2673 743 2758 quid
771 2673 908 2758 quisque
931 2675 1103 2758 peccasset.

168 2757 286 2824 XXIV.
324 2759 506 2826 Plurimum
529 2763 608 2827 mali
630 2761 802 2828 credulitas
820 2760 908 2828 facit.
950 2782 1046 2847 saepe
1063 2783 1105 2827 ne
1125 2780 1139 2828 1

80 2848 275 2913 audiendum
305 2850 435 2932 quidem
464 2853 526 2935 est,
557 2852 711 2935 quoniam
733 2852 769 2917 in
792 2850 985 2935 quibusdam
1008 2852 1105 2917 rebus

35 2957 62 2998 ao
80 2939 180 3003 satius
210 2942 260 3004 est
290 2938 395 3024 decipi
425 2962 522 3024 quam
553 2941 706 3008 diffidere.
753 2941 898 3007 tollenda
927 2964 967 3007 ex
997 2942 1105 3009 animo

171 3139 274 3194 sabhi
274 3143 344 3210 ppia
362 3144 425 3197 tort
439 3142 492 3208 Α5,·
508 3159 542 3197 ιι
556 3143 598 3196 A²
610 3145 926 3214 scripturousperssmt:
945 3142 1033 3214 abhip

118 3228 165 3264 ..s
189 3212 199 3284 lt
223 3212 261 3267 10
283 3215 364 3268 erant
382 3214 410 3269 A
428 3184 542 3268 treiant
561 3214 613 3269 Ias
640 3213 643 3286 l
674 3214 863 3286 interroganti
882 3216 1002 3286 Madviy
1019 3215 1106 3272 inter·

80 3254 194 3385 rogauit
207 3285 235 3339 A
253 3284 263 3356 Η
281 3284 315 3339 ll
334 3287 418 3341 verba
436 3285 520 3341 solus.
540 3302 682 3342 nemmem
701 3302 724 3342 e
740 3302 766 3341 a.
781 3303 804 3342 c
820 3303 843 3342 c.
858 3302 881 3342 e
901 3286 1017 3356 reliqui,
1037 3303 1106 3358 quac

80 3355 123 3409 A¹
136 3356 278 3423 omiserat,
296 3359 328 3411 ιἰι
345 3375 432 3440 ιιιιι
448 3355 490 3414 A'
504 3357 578 3425 add,
592 3360 673 3414 cuiue
686 3359 853 3428 scripseram
867 3360 1015 3415 cocuidcm
1028 3375 1106 3415 reno·

80 3428 156 3481 uauit
173 3427 215 3483 A⁶
236 3427 247 3500 Η
269 3397 304 3483 '18
323 3429 373 3496 qui
392 3428 500 3485 faceret
513 3430 555 3497 A,
573 3431 647 3499 quod
664 3437 734 3487 reete
752 3432 869 3501 Lipsius
886 3431 942 3486 uid.
956 3432 1107 3501 explicasse

81 3507 131 3574 qui
148 3508 257 3563 moeret
272 3508 396 3564 Karsten
417 3510 428 3581 Η
449 3508 486 3564 20
505 3510 595 3565 rarior
614 3513 772 3569 Piueiuuus
788 3511 887 3564 mutuor
904 3511 969 3564 Am
986 3503 1131 3586 Ὸλῖι

82 3579 201 3649 cesarA
218 3581 229 3648 y
246 3579 283 3635 25
300 3579 432 3651 partibus
449 3580 491 3640 A⁶
505 3581 768 3657 patribusututd
784 3581 824 3639 A
832 3578 906 3652 tbi-b
918 3575 1011 3634 crebra
1018 3566 1147 3637 Nm*
1114 3563 1151 3615 *²
