2438 3846
121 187 173 242 AD
188 185 363 244 SERENVM
376 185 426 241 DE
441 184 762 252 TRANQVILLI'I'ATE
772 185 881 240 ANIMI
893 184 969 242 cAP.
981 192 1014 242 l'l
1056 179 1121 256 277

104 333 212 400 dinem
241 332 366 398 duabus
393 332 458 398 illis
480 331 569 398 horis
592 330 742 417 ponebat.
789 331 919 417 quidam
943 331 1048 398 medio
1072 333 1123 399 die

103 422 361 488 interiunxerunt
390 426 424 487 et
452 421 487 486 in
515 421 783 507 postmeridianas
812 420 909 486 horas
936 422 1058 507 aliquid
1080 423 1124 488 le

103 512 202 578 vioris
221 533 336 597 operae
354 511 556 576 distulerunt.
592 511 729 576 maiores
744 531 873 595 quoque
890 511 994 576 nostri
1006 533 1124 591 novam

103 601 291 668 relationem
318 604 395 684 post
420 600 534 666 horam
564 600 730 666 decumam
752 601 788 665 in
810 604 924 665 senatu
945 600 1017 666 fieri
1038 604 1124 669 veta·

73 691 191 762 abant.
236 690 329 756 miles
361 689 489 775 vigilias
517 689 646 773 dividit,
674 693 707 755 et
733 710 800 753 nox
828 690 970 755 inmunis
1002 693 1052 754 est
1083 691 1124 756 ab

103 779 307 865 expeditione
329 778 542 845 redeuntium.
587 777 820 864 indulgendum
844 782 894 843 est
916 778 1024 848 animo
1048 779 1124 845 dan·

104 870 245 953 dumque
269 868 405 934 subinde
428 868 544 953 otium,
572 867 660 952 quod
683 867 828 934 alimenti
851 888 888 933 ac
910 868 1028 934 virium
1051 868 1124 934 loco

104 959 154 1024 sit.
201 961 234 1024 et
255 957 290 1022 in
312 955 585 1024 ambulationibus
608 957 727 1041 apertis
750 957 948 1043 vagandum,
974 963 1013 1022 ut
1035 959 1124 1024 caelo

102 1047 205 1113 libero
236 1051 269 1113 et
290 1048 401 1112 multo
429 1048 545 1132 spiritu
572 1050 689 1132 augeat
711 1047 904 1130 attollatque
927 1068 961 1112 se
984 1047 1125 1129 animus3

60 1163 86 1204 ro
103 1136 277 1221 aliquando
309 1135 448 1202 vectatio
480 1136 605 1221 iterque
638 1139 671 1200 et
701 1139 827 1201 mutata
857 1135 947 1221 regio
980 1135 1125 1222 vigorem

104 1226 227 1292 dabunt
249 1224 480 1310 convictusque
498 1228 531 1291 et
547 1224 711 1290 liberalior
728 1225 828 1309 potio.
864 1246 931 1290 non
948 1245 1125 1309 numquam

104 1319 137 1382 et
167 1336 270 1399 usque
302 1315 343 1379 ad
374 1315 561 1381 ebrietatem
593 1313 798 1398 veniendum,
833 1335 901 1378 non
931 1319 970 1380 ut
1000 1317 1126 1401 mergat

102 1421 178 1489 nos,
209 1403 264 1470 sed
296 1407 334 1469 ut
365 1403 537 1488 deprimat3
574 1402 654 1473 eluit
684 1403 771 1469 enim
801 1424 893 1469 curas
923 1407 956 1470 et
987 1403 1035 1469 ab·
1059 1404 1125 1469 imo

103 1494 253 1559 animum.
276 1496 385 1571 movet
413 1496 446 1558 et
474 1496 512 1559 ut
541 1492 662 1558 morbis
692 1491 885 1576 quibusdam
906 1493 953 1559 ita
974 1492 1126 1559 tristitiae

60 1597 85 1649 rs
104 1583 263 1668 medetur,
285 1582 445 1666 Liberque
467 1604 535 1648 non
558 1582 600 1647 ob
622 1581 786 1647 licentiam
804 1581 935 1669 linguae
954 1582 1058 1647 dictus
1077 1585 1127 1647 est

103 1673 254 1738 inventor
282 1671 363 1755 vini,
395 1671 450 1737 sed
481 1671 557 1757 quia
584 1671 701 1736 liberat
727 1671 859 1736 servitio
887 1693 1037 1737 curarum
1059 1671 1126 1736 ani·

104 1775 194 1826 mum
226 1763 259 1827 et
290 1759 411 1826 adserit
439 1763 633 1846 vegetatque
665 1762 698 1824 et
728 1759 932 1841 audaciorem
955 1759 990 1824 in
1020 1759 1125 1826 omnis

104 1852 239 1916 conatus
261 1848 347 1915 facit.
385 1849 441 1915 sed
464 1852 503 1914 ut
523 1848 682 1915 libertatis
705 1848 752 1913 ita
773 1849 843 1913 vini
861 1848 999 1914 salubris
1018 1850 1125 1914 mode-

83 2005 86 2009 .
104 1939 186 2004 ratio
206 1942 261 2006 est.
295 1936 448 2005 Solonem
462 1936 693 2023 Arcesilanque
707 1938 878 2004 indulsisse
891 1938 967 2004 vino
982 1938 1125 2022 credunt,

59 2053 86 2094 so
105 2026 220 2094 (latoni
247 2028 383 2093 ebrietas
413 2027 538 2094 obiecta
567 2031 629 2094 est:
658 2024 786 2093 facilius
817 2026 949 2111 efficiet,
979 2027 1125 2112 quisquis

105 2116 223 2183 obiecit
250 2116 292 2199 ei,
325 2116 446 2182 crimen
471 2115 644 2183 honestum
677 2137 774 2200 quam
804 2120 933 2200 turpem
961 2114 1125 2182 (latonam.

105 2205 160 2272 sed
188 2225 249 2270 nec
278 2227 372 2289 saepe
394 2205 578 2272 faciendum
601 2209 664 2289 est,
695 2227 737 2271 ne
759 2205 885 2270 animus
909 2205 1028 2271 malam
1052 2226 1125 2271 con-

104 2295 307 2361 suetudinem
331 2295 439 2380 ducat,
467 2299 500 2361 et
522 2295 695 2378 aliquando
713 2298 823 2359 tamen
840 2295 876 2359 in
894 2295 1126 2361 exultationem

19 2422 22 2427 ·
103 2385 349 2468 libertatemque
383 2384 598 2450 extrahendus
632 2384 799 2468 tristisque
834 2383 990 2449 sobrietas
1023 2405 1125 2450 remo-

60 2496 86 2538 as
104 2474 207 2540 venda
238 2474 410 2559 paulisper.
461 2495 537 2538 nam
569 2473 636 2539 sive
670 2471 789 2538 Graeco
821 2477 935 2557 poetae
965 2472 1179 2538 credimus10

28 2622 30 2626 ,
105 2561 295 2646 ‘aliquando
332 2566 365 2627 et
400 2561 539 2627 insanire
574 2561 750 2627 iucundum
788 2561 862 2645 est’,
897 2561 964 2627 sive
996 2561 1126 2627 Platoni

106 2651 240 2717 ‘frustra
260 2651 402 2735 poeticas
420 2649 505 2717 ¹fores
524 2672 657 2736 compos
675 2651 726 2717 sui
744 2651 893 2736 pepulit,
915 2650 983 2716 sive
1001 2648 1125 2716 Aristo·

194 2806 230 2861 25
248 2807 299 2874 cfr.
314 2809 480 2863 Anacreont.
497 2813 516 2864 8
534 2809 604 2863 Hor.
619 2824 640 2863 c.
655 2808 706 2863 IV
720 2811 763 2875 12,
776 2812 814 2864 28
831 2807 841 2881 ll
864 2807 900 2861 26
916 2809 991 2863 Plat.
1006 2807 1124 2879 Pbccdr.

104 2895 126 2934 c.
141 2881 179 2934 22
196 2885 263 2935 extr.
279 2895 309 2947 p.
323 2882 402 2934 245α
419 2879 429 2951 Η
446 2878 481 2933 27
501 2879 614 2934 Arietot.
634 2879 768 2934 Problem.
788 2883 832 2947 30,
849 2885 865 2933 1

196 2985 211 3039 2
235 2985 364 3040 alimenti
384 2986 412 3040 A
437 2985 471 3055 (ti
489 3003 523 3040 m.
540 2992 556 3040 1
578 2988 611 3040 ic
632 3002 687 3041 ras.
707 2987 796 3054 paulo
818 2987 936 3052 Μαίονος
958 2987 1018 3041 εἰπε
1041 2985 1125 3040 datio

104 3058 162 3125 fuit
186 3056 342 3125 elinantio)
367 3055 440 3111 vires
462 3057 601 3112 lutatium
623 3073 670 3112 aas
689 3058 766 3125 ipsas
782 3073 826 3112 res
843 3058 948 3122 occari,
967 3073 1037 3126 qaae
1054 3057 1126 3110 sires

104 3128 185 3182 alant
206 3145 240 3182 ac
260 3128 380 3196 liment,
405 3134 495 3182 monet
512 3127 596 3183 Gertz
613 3128 672 3183 coll.
695 3128 772 3183 Ouid.
787 3134 839 3183 ort.
854 3145 907 3182 am.
924 3128 962 3182 11
977 3131 1032 3183 439
1054 3129 1124 3197 trist.

105 3199 161 3253 111
175 3203 251 3267 s,31
273 3204 390 3268 (mcum.
406 3199 471 3254 XV
482 3201 546 3268 350)
569 3199 589 3269 ll,
602 3198 638 3253 1s
656 3205 722 3267 post
744 3198 814 3253 eluit
833 3195 907 3253 ellim
928 3198 1010 3253 Gertz
1027 3197 1124 3252 vinum

105 3269 175 3324 addi
197 3271 297 3338 coluit,
322 3269 395 3339 qaod
416 3287 474 3325 noc
494 3276 562 3339 puto
579 3271 776 3325 necessarium:
798 3276 831 3324 at
848 3270 887 3324 ad
903 3271 1015 3340 mergat
1033 3276 1058 3324 el
1076 3269 1125 3322 de-

125 3340 223 3409 rimat,
242 3343 284 3397 ita
301 3342 340 3396 cd
358 3340 430 3395 eluit
447 3358 551 3411 quoque
567 3342 682 3396 subiecti
700 3343 757 3396 loco
775 3340 853 3410 potio
867 3340 1051 3412 intellcpeodc
1063 3347 1103 3395 est
1114 3340 1125 3413 ΙΙ

105 3359 140 3468 ll
158 3415 328 3483 vegetatque
344 3426 361 3468 a·
380 3415 574 3484 uiget“atque
592 3414 669 3469 ΑΗ
686 3412 697 3485 ΙΙ
713 3412 749 3467 18
767 3411 884 3467 libertas
897 3413 926 3468 A
944 3429 1012 3468 corr.
1026 3413 1095 3483 sely.
1114 3420 1124 3475 ll

105 3483 142 3540 2⁰
155 3484 230 3539 effici
244 3484 277 3539 ἀι
294 3484 399 3540 crimen
413 3485 456 3541 Αι
468 3485 515 3541 scd
528 3487 559 3539 ia
572 3501 659 3555 marp.
670 3491 735 3554 poet
748 3483 822 3539 effici
836 3483 860 3538 dc
872 3482 915 3539 A·
928 3485 1033 3538 adiecit
1042 3483 1134 3534 aurbu

106 3555 234 3625 quisquis
252 3549 357 3611 obiecit
375 3555 399 3610 u
416 3573 485 3614 sorr.
501 3556 582 3614 Kocb
