2438 3846
194 190 245 249 AD
263 191 457 249 Pnnmvn
474 191 524 264 DE
542 191 751 247 BREVITATE
765 191 877 252 VITAE
896 192 974 251 GAP.
989 199 1023 249 10
1064 197 1130 265 293

114 336 686 515 lllllnllelllllllllmlll
704 339 1133 512 (fuitmulta

416 478 422 493 ·
568 475 577 512 ι

115 517 175 584 sub
202 538 337 586 censura
364 540 434 604 sua,
463 539 544 603 quae
570 537 748 601 numquam
774 518 911 602 fallitur,
936 519 1075 585 libenter
1097 541 1132 585 se

114 606 151 672 in
171 607 381 693 praeteritum
398 610 578 692 retorquet3
600 607 655 671 ille
675 607 730 690 qui
748 609 851 673 multa
869 607 1039 674 ambitiose
1057 626 1167 675 con-4

83 695 230 781 ecupiit,
257 697 393 780 superbe
420 697 628 781 contempsit,
655 697 838 781 inpotenter
859 697 952 780 uicit,
979 698 1132 763 insidiose

114 785 253 870 decepit,
277 807 371 860 avere
393 786 515 870 rapuit,
538 784 673 872 prodige
696 786 823 870 effudit,
845 805 973 851 necesse
997 790 1046 852 est
1068 808 1132 852 me

114 874 250 940 moriem
280 896 372 941 suam
401 875 523 942 timeat.
569 875 660 958 atqui
688 875 768 941 haec
797 878 846 940 est
874 897 949 960 pars
976 875 1131 960 temporis

113 963 217 1029 nostri
240 985 330 1031 sacra
353 964 571 1049 ac'dediceta,
599 964 703 1029 omnis
726 965 884 1029 humanos
908 985 1000 1030 casus
1023 986 1133 1049 super·

114 1073 236 1139 gressa,
269 1056 360 1120 extra
390 1074 527 1140 regnum
548 1053 707 1119 ¹fortunae
739 1053 909 1138 subducta,
942 1074 1038 1137 quom
1065 1075 1133 1119 non

69 1166 97 1207 ro
114 1142 237 1227 inopia,
264 1164 332 1208 non
358 1146 475 1227 metus,
502 1165 569 1209 non
596 1143 783 1208 morborum
809 1143 955 1217 incursus
979 1143 1133 1228 exagitet3

113 1232 193 1309 haec
213 1253 275 1298 nec
297 1231 419 1298 truberi
441 1254 501 1299 nec
524 1233 605 1318 eripi
628 1235 748 1317 potest:
771 1236 929 1317 perpetua.
948 1232 1016 1297 eius
1036 1235 1068 1297 et
1086 1232 1133 1297 in·

113 1320 240 1407 trepida
266 1322 427 1406 possessio
457 1325 513 1388 est.
560 1322 681 1408 singuli
703 1325 830 1386 tentum
853 1321 935 1405 dies,
963 1325 996 1387 et
1018 1322 1053 1385 hi
1075 1343 1134 1406 per

114 1413 284 1496 momenta,
303 1415 486 1497 praesentes
505 1414 594 1496 sunt;
613 1414 646 1476 at
659 1411 824 1493 praeteriti
842 1412 998 1494 temporis
1013 1431 1133 1494 omnes,

114 1519 188 1566 curn
215 1499 387 1584 iumentis,
415 1500 562 1583 aderunt,
590 1499 631 1564 ad
654 1499 822 1565 arbitrium
844 1503 937 1564 tuum
959 1499 1077 1583 inspici
1099 1520 1134 1563 ee

40 1605 43 1609 ’
69 1611 96 1653 rs
114 1608 152 1654 ac
174 1587 310 1655 detineri
331 1590 508 1674 patientur,
532 1588 619 1672 quod
641 1587 745 1654 facere
765 1589 929 1673 occupatis
947 1608 1015 1652 non
1033 1590 1133 1652 vacat.

114 1698 242 1744 securae
266 1681 299 1743 et
322 1679 448 1762 quietae
471 1678 588 1743 mentis
612 1679 714 1743 estin
732 1700 843 1742 omnes
861 1679 948 1743 ritae
967 1698 1044 1742 suae
1061 1693 1168 1762 par-o

113 1770 162 1831 tes
182 1767 371 1853 discurrere3
394 1771 623 1854 occupatorum
641 1768 755 1851 animi,
776 1768 866 1832 velut
884 1767 944 1832 sub
963 1767 1040 1852 iugo
1060 1767 1135 1851 sint,

114 1855 241 1922 flectere
269 1877 303 1921 se
330 1877 368 1923 ac
394 1857 552 1941 respicere
574 1878 641 1922 non
663 1859 807 1941 possunt.
854 1855 922 1921 abit
944 1856 1045 1941 igitur
1066 1855 1135 1920 uita

114 1966 226 2011 eornm
252 1945 288 2010 in
314 1945 512 2030 profundum
539 1948 572 2010 et
598 1949 636 2010 ut
657 1945 741 2009 nihil
763 1944 907 2029 prodest,
934 1945 1013 2010 licet
1035 1966 1134 2028 quan·

68 2056 95 2097 ro
113 2034 268 2100 tumlibet'
284 2035 423 2121 ingeras,
442 2035 470 2098 si
488 2055 555 2099 non
573 2034 684 2099 subest
703 2034 789 2118 quod
808 2034 947 2118 excipiet
965 2053 1003 2098 ac
1021 2036 1135 2116 servet,

114 2123 175 2206 sic,
201 2122 286 2188 nihil
311 2123 409 2188 refert
436 2127 592 2206 quantum
619 2124 774 2207 temporis
803 2122 908 2206 detur,
937 2123 965 2187 si
991 2143 1058 2187 non
1086 2124 1134 2186 est

113 2212 170 2277 ubi
206 2212 363 2297 subsidat,
399 2233 457 2296 per
493 2232 626 2297 quassos
658 2212 844 2295 foratosque
876 2211 1001 2277 animos
1032 2215 1134 2276 trane·

114 2301 261 2367 mittitur.
293 2322 442 2385 praesens
455 2304 583 2387 tempus
596 2303 820 2372 brevissimum
835 2305 893 2386 est,
906 2301 985 2366 adeo
996 2301 1133 2385 quidem,
1152 2316 1169 2365 c

56 2419 59 2423 ’
113 2394 151 2456 ut
174 2391 367 2476 quibusdam
387 2392 514 2457 nullum
536 2392 696 2476 videetnr3
723 2392 758 2456 in
780 2411 876 2457 cursu
898 2390 984 2456 enim
1009 2411 1139 2473 semper·

69 2500 96 2542 rs
115 2483 176 2564 est,
199 2480 272 2546 fluit
289 2484 322 2546 et
339 2481 583 2565 praecipitatur;
606 2483 680 2545 ante
699 2479 816 2544 desinit
834 2500 903 2545 esse
921 2501 1018 2563 quam
1036 2478 1134 2562 venit,

114 2589 174 2634 nec
203 2570 307 2655 magis
337 2591 461 2636 moram
490 2570 613 2654 petitur
642 2590 739 2652 quam
769 2569 907 2633 mundus
938 2572 994 2632 aut
1021 2567 1135 2650 sidera,

204 2778 220 2834 1
236 2779 308 2834 surri
328 2778 460 2836 iebantur
472 2782 514 2837 A¹
527 2788 560 2836 at
574 2782 629 2836 oid.
645 2779 875 2850 subripiebantur
888 2779 930 2835 Al
944 2777 1135 2848 subrepebant

114 2850 253 2906 Erasmus
274 2851 284 2924 ll
305 2797 327 2906 d
342 2852 410 2920 quoi
423 2852 526 2909 Gruter
544 2869 599 2921 qno
613 2856 644 2908 A¹
659 2852 669 2925 ll
686 2852 704 2907 9
722 2868 779 2907 non
796 2857 861 2907 ante
878 2851 976 2920 inopia
994 2852 1059 2906 add.
1073 2868 1095 2906 c
1109 2869 1133 2907 o.

114 2920 179 2994 ΑἨ
192 2921 228 2977 10
242 2924 333 2977 metus
347 2939 416 2979 corr.
430 2941 464 2978 en
476 2923 580 2978 meltur
589 2923 632 2979 A¹
643 2923 653 2997 ll
667 2923 703 2979 18
715 2923 909 2996 pmonimenta
918 2924 946 2978 A
959 2939 1027 2978 corr.
1041 2923 1111 2992 ootp.
1128 2921 1133 2992 Ι

115 2995 181 3048 sunt
194 2990 237 3048 A·
255 2992 312 3049 sint
325 2993 368 3050 A¹
407 2993 443 3049 14
461 2994 599 3050 iusseritia
613 2996 641 3051 A
659 2997 710 3064 cfr.
728 2996 789 3050 Jou.
806 2994 913 3050 Mure
930 2995 963 3048 in
980 3000 1032 3049 act.
1045 2992 1134 3048 Acad.

121 3064 236 3120 uncae.
256 3064 375 3121 OXVII
408 3069 471 3135 p.8
491 3066 618 3133 iusseris,
637 3065 691 3121 tibi
711 3066 793 3123 Gertz
817 3064 827 3137 ll
852 3064 887 3120 15
909 3065 1055 3133 patientur
1076 3064 1136 3118 eine

115 3135 198 3191 dubio
215 3136 314 3192 habuit
326 3137 368 3192 A¹
384 3137 535 3241 potiuntur
547 3138 589 3194 Αὖ
611 3137 621 3210 ll
645 3136 682 3192 16
700 3136 846 3209 omalfuite
870 3139 948 3206 (crae.
963 3136 1018 3190 oid.
1038 3137 1061 3204 s)
1080 3136 1108 3190 A
1126 3133 1136 3206 ll

115 3205 151 3261 18
170 3206 232 3262 abit
249 3206 339 3278 igjtur
351 3209 379 3264 A
405 3210 438 3264 ira
455 3225 510 3264 rae.
525 3215 551 3265 ct
567 3225 655 3278 capra
672 3209 753 3276 ficem
770 3210 844 3264 cocio
863 3206 924 3262 abit
942 3208 1013 3262 duae
1029 3207 1135 3262 litteren

115 3295 150 3333 m.
166 3284 182 3333 1
201 3281 332 3350 scriptae,
349 3280 413 3347 fort.
433 3280 474 3335 eri
491 3282 501 3348 (
607 3281 767 3350 tiaratorum)
784 3295 879 3335 marae
891 3285 957 3334 auat
973 3279 983 3351 ll
1000 3276 1035 3332 21
1049 3275 1136 3332 refert

115 3365 168 3418 eqo.
182 3351 234 3418 cfr.
248 3351 316 3406 dial.
335 3353 390 3406 111
404 3355 480 3419 21,4
502 3350 513 3423 ll
537 3297 655 3406 {Yam
672 3366 805 3421 praesens
823 3352 935 3419 tempus
954 3366 986 3405 eo
1004 3349 1136 3404 wedene

110 3426 197 3490 putat
218 3424 260 3479 W.
278 3421 395 3489 Gerwtl,
420 3438 490 3491 quoe
512 3422 545 3477 dc
567 3423 662 3490 futuro
687 3428 804 3492 tempore
830 3421 890 3491 (cfr.
909 3420 971 3491 52)
994 3437 1013 3474 a
1033 3419 1136 3475 Seneca

115 3492 259 3619 ἀὲεῧιεαία
282 3493 354 3559 sinn
377 3493 517 3560 refutatur
539 3512 558 3549 a
580 3493 689 3550 Gertrio
706 3495 738 3548 in
757 3493 820 3548 edit.
839 3498 865 3548 ct
882 3492 945 3546 Jola.
962 3491 1067 3545 Mulier
1084 3490 1145 3539 tt.
