2438 3846
334 158 384 214 DE
402 157 468 214 IRA
485 157 553 214 LIB.
568 158 614 215 III.
648 158 725 215 OAP.
741 165 784 215 34.
800 165 834 215 35
1039 163 1102 230 143

75 309 137 373 iter
167 311 341 394 angustum
369 306 456 372 rixas
486 307 721 373 transeuntium
749 307 903 391 eoncitat,
931 307 1048 372 diffusa
1071 311 1104 373 et

75 397 141 462 inte
163 400 277 482 petens
299 396 353 461 vie
374 417 416 462 ne
439 396 578 480 populos
603 396 732 480 quidem
761 396 899 462 collidit:
932 397 995 463 iste
1021 418 1102 480 quae

76 487 243 572 appetitis,
276 487 352 570 quia
386 485 502 570 exigua
533 489 609 551 sunt
638 507 698 552 nee
727 489 865 571 possunt
895 486 935 550 ad
965 487 1102 551 alterum

75 576 139 642 nisi
162 575 256 640 atteri
276 578 386 660 erepte
403 574 584 660 transferri,
603 575 712 641 eadem
733 575 957 642 affectantibus
976 597 1102 661 pugnas

45 682 57 724 e
77 671 109 731 et
130 665 237 751 iurgia
259 666 409 731 excitent.

164 824 299 891 XXXV.
336 823 560 910 Respondisse>
576 824 636 889 tibi
660 847 788 890 servum
812 823 990 911 indignaris
1008 824 1136 890 liber-1

75 919 209 1000 tumque
242 919 275 981 et
305 936 439 981 uxorem
472 917 504 979 et
536 913 701 980 clientem:
740 913 855 980 deinde
885 913 970 979 idem
1001 914 1039 979 de
1069 937 1103 979 re

75 1004 206 1090 publiea
234 1004 416 1071 libertatem
446 1004 606 1069 sublatam
635 1004 792 1089 quereris,
820 1026 917 1088 quam
941 1003 1030 1068 domi
1053 1026 1104 1068 su·

76 1095 205 1161 studisti.
251 1115 376 1178 rursus,
408 1094 436 1158 si
467 1093 571 1159 teeuit
603 1093 835 1179 iuterrogatus,
866 1092 1105 1159 contumaciam

30 1204 57 1245 10
75 1206 181 1250 voees.
214 1186 247 1248 et
263 1183 417 1267 loquatur
435 1186 468 1247 et
480 1186 586 1249 tueeut
600 1186 632 1248 et
645 1182 762 1247 rideat!
794 1181 920 1248 ‘eoram
934 1180 1104 1248 domino?’
1122 1197 1138 1247 2

75 1272 193 1358 inquis.
246 1272 345 1358 inimo
378 1293 488 1339 eorem
519 1275 612 1358 petre
642 1271 794 1337 familiae.
851 1271 929 1356 quid
962 1269 1104 1337 clamas?

76 1362 155 1448 quid
172 1361 382 1429 vocifereris?
418 1362 496 1446 quid
519 1362 649 1448 flagella
671 1361 777 1428 media
800 1382 879 1428 eene
899 1361 997 1446 petis,
1017 1360 1104 1444 quod

76 1452 159 1518 servi
181 1452 375 1536 loquuntur,
398 1451 486 1537 quod
509 1473 576 1517 non
598 1451 711 1518 eodem
733 1452 807 1517 loeo
829 1452 924 1517 turbs
942 1451 1104 1517 contionis

76 1545 137 1626 est,
160 1539 327 1606 silentium
349 1540 556 1643 solitudinis?
591 1541 627 1606 in
648 1539 712 1607 hoe
735 1540 834 1644 hebes
858 1561 965 1624 aures,
982 1544 1020 1605 ut
1037 1554 1139 1643 none

31 1649 57 1692 ²⁶
75 1629 682 1807 fftdtttptttttttttttt
696 1630 1105 1805 dtssttttttptfffft

73 1810 248 1877 blanditias
277 1813 310 1875 et
335 1809 425 1894 lites,
449 1812 482 1874 et
503 1830 659 1894 prospere
681 1813 715 1874 et
736 1809 857 1893 tristia,
880 1813 912 1875 et
934 1806 1105 1873 hominum

75 1922 170 1967 voees
201 1904 243 2003 et,
260 1898 408 1965 fremitus
437 1898 626 1964 animalium
642 1899 857 2001 ‘latratusque
905 1897 983 1983 quid
1000 1899 1105 2001 'miser

30 2101 58 2143 ,ο
75 2011 197 2144 1⁰35&
198 1989 537 2164 tzutfittffltt
548 1987 1105 2162 etmssttttttttett

76 2167 234 2234 audienda
270 2170 354 2235 sunt
408 2166 485 2253 hoe,
523 2164 611 2252 quod
646 2166 687 2232 de
723 2167 855 2232 auribus
892 2166 1014 2232 dietum
1047 2170 1140 2250 este

75 2257 216 2324 transfer
247 2255 288 2322 ed
320 2258 446 2341 oeulos,
479 2256 536 2343 qui
562 2260 630 2322 non
656 2256 764 2322 minus
791 2255 923 2322 fastidio
945 2247 1105 2342 laborent,

77 2348 105 2414 si
127 2347 212 2413 maie
234 2347 377 2414 instituti
400 2350 489 2414 sunt:
519 2345 647 2413 meeule
670 2345 878 2412 offenduntur
900 2349 933 2411 et
955 2345 1105 2413 sordibus

76 2446 109 2502 et
138 2438 273 2523 argento
301 2457 418 2589 Herum
447 2434 616 2521 splendido
645 2439 678 2501 et
704 2438 820 2522 stagno
843 2456 911 2500 non
933 2435 974 2500 sd
998 2435 1105 2501 solum

32 2546 58 2590 ss
76 2524 270 2610 perlucente.
325 2525 338 2589 i
356 2547 471 2611 nempe
490 2524 590 2609 oeuli,
609 2526 666 2610 qui
684 2546 752 2590 non
769 2525 879 2589 ferunt
895 2523 960 2589 nisi
978 2524 1104 2589 varium
1122 2542 1140 2594 ὁ

77 2612 115 2681 ee
132 2614 254 2682 reeenti
272 2635 350 2681 eure
366 2615 473 2681 nitens
491 2635 646 2698 marmor,
665 2614 722 2699 qui
740 2634 885 2679 mensum
903 2613 967 2679 nisi
984 2612 1104 2679 crebris

78 2705 264 2771 distinctam
281 2704 386 2789 venis,
409 2703 467 2790 qui
488 2704 606 2770 nolunt
623 2703 713 2770 domi
730 2703 796 2769 nisi
813 2724 893 2769 euro
911 2703 1105 2788 pretiosiore

77 2792 208 2878 calceri,
238 2794 433 2880 aequissimo
463 2794 571 2861 animo
600 2793 681 2860 foris
708 2796 741 2859 et
766 2793 894 2860 scabras
915 2793 1104 2877 lutosasque

78 2884 208 2952 semitas
227 2887 374 2969 spectent
392 2887 426 2949 et
443 2883 597 2950 maiorem
613 2887 739 2969 purtem
754 2883 991 2950 occurrentium
1011 2904 1104 2967 sque·

32 2996 59 3038 ee
76 2973 191 3059 lidum,
212 2973 351 3059 parietes
379 2973 558 3039 insularum
585 2994 712 3059 exesos,
735 2973 887 3058 rimosus,
910 2973 1103 3059 inaequales.

168 3186 186 3243 8
199 3185 314 3257 quando
328 3184 511 3241 misustulisti
524 3183 567 3243 A²
580 3201 649 3242 cerr.
662 3184 706 3244 A¹
718 3185 728 3260 Η
741 3185 777 3243 1ss
790 3186 946 3256 loquuntur
959 3186 1028 3258 sely.
1039 3196 1104 3241 exe

77 3256 232 3326 loquentur
248 3258 309 3316 AL
333 3257 345 3332 il
368 3256 404 3314 15
425 3258 521 3313 uses·
538 3258 580 3326 A,
602 3254 695 3312 freon
717 3259 760 3314 vel
780 3257 903 3314 instante
920 3257 1002 3314 malit
1021 3256 1104 3312 Gertz

77 3329 137 3385 eoil.
152 3345 194 3400 ep.
207 3333 300 3398 90,19
316 3327 327 3402 ΙΙ
344 3327 379 3384 17
397 3328 493 3384 tristia
506 3328 534 3385 L
551 3335 584 3385 eet
596 3329 666 3400 sola.
680 3328 800 3386 metius
813 3331 841 3386 A
886 3328 922 3385 19
935 3327 1104 3384 ettiunitusn

78 3399 121 3457 A¹
138 3416 207 3457 cerr.
226 3398 270 3456 A·
290 3399 302 3474 11
321 3397 362 3455 '28
380 3399 430 3469 qui
448 3401 576 3470 <n0n>
594 3414 722 3456 mensem
744 3403 814 3458 ceni.
866 3417 945 3467 ease,
967 3399 1016 3465 sed
1032 3404 1104 3455 reete

78 3471 201 3540 defendit
219 3471 278 3530 cod.
291 3472 460 3542 scripturam
473 3469 558 3528 Gertz
569 3469 580 3544 ΙΙ
597 3469 632 3528 22
647 3469 812 3528 distinctum
826 3471 854 3528 L
868 3470 1039 3528 destinatum
1053 3469 1114 3538 Ati

78 3541 114 3601 28
133 3541 238 3600 selesei
257 3543 354 3602 Haase
372 3540 483 3599 eslesre
496 3542 558 3601 AL
1188 3518 1206 3627 1
