2438 3846
204 134 256 190 AD
274 133 464 190 POLYBIVM
482 134 532 189 DE
551 133 829 212 consonemus
848 134 926 190 esf.
942 141 975 191 12
1036 137 1101 204 327

79 280 310 347 difficillimum
333 285 416 366 erat,
439 301 550 348 omncs
568 280 704 347 virtutes
723 279 758 345 in
776 279 914 345 alienum
933 283 965 345 te
984 279 1101 346 oratio-

78 393 154 437 nem
177 373 305 437 secutae
328 371 394 438 siut
413 393 469 435 —z
491 371 612 437 nullus·
625 370 687 435 erit
711 369 746 435 in
769 369 834 435 illis
858 369 986 454 scriptis
1009 370 1103 456 liber,

80 460 138 546 qui
172 480 239 526 uon
275 459 416 545 plurime
451 459 617 526 verietetis
649 458 809 524 humanae
840 459 1102 543 incertorumque

80 571 214 617 ossuum
242 552 275 615 et
296 550 502 616 lacrimarum
526 572 566 615 cx
588 548 653 614 elie
675 551 773 633 utque
796 548 860 613 elie
883 569 979 614 ceusu
1001 548 1101 613 fluen-

45 638 163 706 stium
190 638 339 721 exemplu
364 638 426 704 tibi
448 642 609 726 suggerat.
654 638 740 724 lege,
769 640 890 722 quanto
915 635 1032 721 spiritu
1055 637 1138 702 ine

80 727 231 815 gentibus
258 726 436 793 intonueris
464 727 585 794 verbis:
612 726 748 810 pudebit
774 729 807 792 te
835 725 942 791 subito
966 726 1102 792 deficere

80 820 114 882 et
136 838 177 882 ex
198 819 290 883 tante
312 817 468 882 orationis
487 816 709 904 magnitudine
728 815 912 881 desciscere.
956 836 998 880 ne
1017 835 1102 880 conr-

79 905 219 991 miseris,
245 909 284 971 ut
299 905 457 992 quisquis
488 905 679 991 exemplaris
702 904 800 970 modo
824 903 944 989 scriptu
965 906 1023 969 tue
1044 904 1103 968 mi-

79 995 213 1061 rabatur
240 999 373 1079 quaerut
401 996 563 1079 quomodo
592 997 659 1059 tem
687 994 823 1081 grendie
844 997 976 1077 tumque
999 991 1103 1059 solide

27 1103 62 1150 ἰο
79 1088 148 1150 tum
169 1083 294 1170 fragilis
317 1084 444 1152 unimus
468 1083 659 1170 conceperit.

169 1189 241 1257 XIL
277 1190 391 1257 Potius
419 1191 458 1257 ab
486 1191 558 1257 istis
585 1194 633 1275 te,
660 1210 742 1274 quae
765 1192 932 1273 torquent,
959 1189 1001 1255 ed
1022 1186 1137 1254 huec1

80 1283 131 1347 tot
162 1284 195 1346 et
224 1283 327 1365 tenta,
360 1302 442 1366 quae
475 1281 698 1364 consolentur,
730 1281 880 1346 converte
910 1298 949 1344 ec
978 1277 1103 1363 respice

81 1370 222 1455 optimos
252 1370 382 1454 fratrffl,
409 1370 533 1455 respice
563 1390 711 1453 uxorem,
741 1367 846 1434 filium
875 1366 1012 1452 respice:
1043 1388 1103 1453 pro

80 1459 226 1525 omnium
248 1458 365 1524 horum
388 1458 491 1525 salute
514 1459 576 1525 hec
597 1463 706 1524 tecum
729 1457 879 1543 portione
901 1454 1033 1523 fortune
1052 1456 1104 1521 de-

33 1547 168 1615 1scidit.
212 1549 334 1614 multos
363 1547 477 1632 hebes,
505 1548 541 1613 in
571 1546 689 1632 quibus
713 1545 910 1631 adquiescas.
956 1543 1038 1630 [31]
1062 1544 1102 1609 eb

80 1636 142 1703 hec
164 1640 196 1702 te
214 1635 348 1702 infamio
365 1637 505 1723 vindice,
530 1658 572 1703 ne
589 1636 737 1701 videatur
754 1635 905 1700 omnibus
924 1635 998 1720 plus
1017 1633 1103 1719 apud

80 1730 113 1792 te
142 1727 249 1792 velere
279 1747 364 1791 unus
394 1726 488 1792 dolor
517 1747 614 1811 quum
643 1725 725 1791 haec
750 1728 819 1789 tem
847 1724 951 1788 multe
974 1722 1102 1790 solacia.

81 1815 186 1881 omnis
214 1815 294 1881 istos
322 1836 387 1880 uns
408 1819 517 1882 tecum
540 1815 706 1901 perculsos
729 1812 819 1879 rides
842 1833 902 1879 nec
924 1833 1020 1897 posse
1043 1811 1138 1878 cibis

80 1904 263 1990 subvenire,
293 1903 393 1970 immo
422 1905 519 1971 etiem
546 1906 633 1970 ultro
662 1906 844 1988 expectere,
872 1906 1008 1968 utute
1031 1902 1105 1967 sub·

33 2018 62 2060 eo
78 1995 242 2079 leventur,
263 1993 440 2081 intellegis3
464 1998 497 2059 et
519 1993 591 2060 ideo
616 1997 738 2078 quento
762 1992 869 2057 minus
892 1992 928 2057 in
945 1991 1011 2057 illis
1030 1990 1104 2057 doc·

79 2083 184 2150 trinae
211 2082 382 2168 minusque
409 2082 533 2170 ingenii
560 2087 623 2167 est,
650 2086 742 2148 tanto
765 2081 869 2169 magis
893 2080 1048 2146 obsistere
1071 2082 1104 2146 te

79 2193 209 2239 necesse
228 2173 459 2239 estcommuni
473 2173 568 2238 mulo.
606 2177 656 2239 est
670 2176 778 2238 eutem
791 2171 856 2236 hoc
868 2171 977 2256 ipsum
991 2169 1104 2235 solacii

78 2263 168 2347 loco,
196 2262 281 2328 inter
310 2263 432 2328 multos
460 2261 606 2329 dolorem
634 2283 728 2327 suum
756 2260 913 2344 dividere3
943 2258 1000 2344 qni
1028 2258 1105 2344 quis

80 2351 285 2436 dispensetur
310 2351 396 2417 inter
422 2352 546 2436 plures,
574 2351 691 2437 exigua
718 2350 815 2416 debet
842 2349 929 2434 apud
956 2352 989 2414 te
1012 2351 1104 2434 perte

34 2462 63 2506 ss
80 2439 252 2508 subsidere.
297 2462 365 2506 non
392 2440 537 2506 desinam
560 2439 678 2506 totiens
701 2439 762 2504 tibi
785 2440 899 2504 offerre
923 2435 1139 2511 Caesaremzu

80 2529 138 2596 illo
157 2529 343 2597 moderante
361 2534 462 2596 terras
481 2534 515 2596 et
532 2529 721 2596 ostendente
741 2532 862 2614 quanto
882 2527 997 2593 melius
1011 2526 1104 2593 bene-

169 2721 186 2777 1
209 2722 330 2778 &tutes
351 2725 380 2779 Β
404 2727 477 2779 m.2
501 2724 533 2778 ire
555 2737 641 2848 marg·
663 2722 725 2777 DE
748 2721 873 2776 turtures
891 2721 920 2775 Β
942 2725 1015 2776 m.1
1041 2735 1104 2774 cur-

80 2795 174 2849 rentes
188 2794 224 2849 H
237 2810 351 2851 veneres
370 2796 439 2850 coni.
454 2795 568 2850 Fickert
579 2793 592 2878 ii

80 2863 166 2920 nuliis
185 2868 248 2930 eret
261 2867 297 2921 H
316 2865 327 2938 ΙΙ
350 2864 369 2920 5
391 2867 498 2935 quanto
517 2865 619 2935 spiritu
634 2865 694 2920 DB
712 2882 746 2919 m.
761 2867 781 2919 2
803 2864 911 2934 quante
929 2862 1061 2932 spiritum
1075 2863 1104 2917 Β

80 2954 116 2992 m.
131 2936 198 2991 111
216 2936 226 3010 ii
249 2936 268 2991 (i
287 2935 380 2992 verbis
394 2937 514 3007 Bentley
531 2935 614 2991 rebus
632 2936 655 2991 0
675 2938 813 3005 qunntnrn
832 2934 964 3004 spiritum
981 2933 1104 3004 lugenti·

80 3005 134 3062 bus
152 3007 308 3063 intonueris
326 3007 460 3063 heroibus
479 3009 549 3063 coeti.
566 3007 703 3063 Schultess
724 3006 734 3080 ii
758 3007 773 3062 7
793 3023 828 3061 ex
844 3006 927 3060 tenta
944 3005 968 3061 0
986 3020 1004 3059 e
1021 3006 1105 3060 tents

83 3077 209 3164 Geumi
230 3079 385 3135 desciscere
402 3080 425 3136 0
443 3079 574 3134 decidere
591 3079 660 3150 cole.
681 3078 842 3133 decrescere
862 3076 977 3134 Wolters
993 3076 1004 3149 it
1022 3075 1040 3132 8
1058 3091 1104 3131 ex-

80 3149 214 3278 itte
228 3151 472 3292 didimi?
484 3149 887 3294 <232Pt'1i0530ttettt
904 3147 1105 3289 {iiiiii}

82 3308 117 3348 uc
129 3293 213 3348 modo
228 3295 308 3350 Koch
324 3293 328 3366 Ι
343 3292 502 3348 mirabatur
514 3296 547 3349 ic
559 3310 646 3364 murp.
656 3294 685 3348 Β
699 3299 726 3348 et
737 3293 781 3348 coi
800 3336 805 3347 .
820 3290 972 3346 musbitur
980 3291 1047 3346 ΒΗ
1049 3290 1109 3346 GV

81 3362 251 3440 mirabiliter
264 3365 292 3419 Β
310 3363 484 3420 mirabiliter
497 3365 529 3419 E
543 3364 547 3438 i
571 3362 608 3418 16
626 3363 756 3419 omnibus
773 3309 798 3419 g
813 3360 975 3418 hominibus
996 3361 1078 3417 Gertz
1095 3359 1105 3432 ii

81 3434 532 3565 lfflp⁰¹⁰ssl⁸⁰fflp⁹²b⁰ffi⁰⁹⁰⁸
574 3437 609 3490 H
617 3435 628 3510 it
643 3435 679 3490 24
692 3435 787 3504 plures
796 3435 825 3489 Β
838 3433 922 3504 plure
932 3435 955 3490 0
966 3432 977 3506 ΙΙ
988 3431 1026 3487 25
1039 3429 1105 3486 sub-

82 3524 107 3562 s1
127 3523 174 3563 ere
235 3523 268 3562 sn
288 3523 312 3562 s1
356 3525 387 3564 rs

640 2792 734 2847 nullus
749 2793 804 2847 erit
817 2792 885 2862 oolp.
900 2791 994 2846 nullus
1009 2792 1106 2850 creto
