2438 3846
109 162 160 216 ΔΙ)
175 159 345 216 ΗΕΙΝΙΑΜ
358 159 519 215 ΜΑΤΒΕΜ
532 159 582 215 ΒΕ
596 158 876 216 CONSOLATIONE
891 159 968 216 cAP.
980 165 1014 215 14
1056 162 1121 229 361

62 351 64 360 ·
97 311 132 373 at
161 307 216 372 ille
247 306 398 372 abstersit
426 305 542 372 faciem
572 308 605 371 et
632 306 799 372 subridens
828 307 874 371 ait
896 305 1066 371 comitanti
1088 327 1123 372 se

97 396 316 483 magistratui:
349 394 501 461 ‘admone
532 395 644 479 istum,
676 417 717 461 ne
751 399 864 480 postea
892 398 960 460 tam
987 395 1123 479 inprobe
1197 424 1199 426 ’

97 484 234 552 oscitet?
279 485 344 552 hoc
365 484 430 551 fuit
447 485 677 552 contumeliam
694 485 759 570 ipsi
777 485 991 552 contum01iae
1009 484 1122 551 facere.

97 574 164 641 scio
202 575 359 660 quosdam
396 574 501 641 dicere
537 578 727 661 contemptu
762 573 847 640 nihil
882 596 951 640 esse
983 574 1158 661 gravium

65 667 235 730 smortem
263 665 345 749 ipsis
367 664 528 749 potiorem
550 662 661 733 videri
706 663 758 728 his
782 685 843 750 ego
866 663 1068 748 respondebo
1091 667 1124 728 et

97 753 229 820 exilium
260 775 355 838 saepe
385 752 627 837 contemptione
658 753 747 817 omni
777 775 898 819 carere:
929 753 957 819 si
986 774 1122 839 magnus

96 843 147 908 vir
169 840 299 926 cecidit,
321 863 459 929 magnus
482 841 595 925 iacuit,
616 863 684 908 non
706 843 810 928 magis
834 843 927 926 illum
951 843 1124 926 contemni,

97 952 194 1016 quam
218 931 345 997 aedium
368 953 531 1004 sacrarum
549 932 661 997 ruinae
680 932 858 1016 calcantur,
880 952 960 1016 quas
978 931 1123 1018 religiosi

97 1043 197 1105 aeque
220 1041 258 1086 ac
282 1023 397 1088 stantis
421 1020 566 1087 adorant.

50 1151 79 1191 ro
186 1125 274 1193 XIV.
312 1126 473 1205 Quoniam
503 1149 575 1193 meo
605 1127 737 1193 nomine
766 1127 850 1194 nihil
876 1127 991 1211 habes,
1020 1130 1157 1197 mater1

97 1216 277 1301 carissima,
301 1218 444 1301 quodie
467 1217 503 1282 in
525 1216 669 1284 infinitas
692 1217 841 1283 lacrimas
865 1220 953 1304 agat,
976 1216 1123 1301 sequitur

96 1309 134 1371 ut
161 1327 276 1373 causae
303 1310 380 1372 tuae
407 1311 440 1372 te
468 1305 652 1375 stimulent
691 1310 767 1372 sunt
794 1310 902 1372 autem
925 1305 1019 1372 duae:
1045 1328 1122 1371 nam

96 1398 153 1460 aut
180 1395 263 1461 illud
290 1399 323 1460 te
350 1398 473 1479 movet,
505 1396 593 1480 quod
620 1395 817 1480 praesidium
844 1395 976 1480 aliquod
1003 1394 1121 1460 videris

96 1485 257 1567 amisisse,
279 1488 336 1550 aut
358 1484 456 1567 illud,
479 1484 567 1569 qnod
584 1484 779 1550 desiderium
797 1484 905 1569 ipsum
925 1505 982 1568 per
1000 1505 1035 1550 se
1052 1483 1123 1568 pati

49 1595 77 1637 ιι
96 1596 163 1639 non
185 1575 286 1657 potes.

186 1661 285 1728 Prior.
311 1684 387 1746 pars
417 1661 498 1730 mihi
526 1662 642 1727 leviter
670 1661 917 1749 perstringenda
946 1665 1009 1746 est3
1040 1660 1156 1731 novin

97 1751 181 1817 enim
210 1751 354 1816 animum
382 1753 476 1815 tuum
498 1751 583 1816 nihil
604 1750 640 1815 in
662 1753 729 1818 suis
752 1754 879 1836 praeter
900 1751 989 1836 ipsos
1014 1757 1122 1817 aman·

96 1844 170 1906 tem.
217 1840 358 1906 viderint
380 1840 455 1905 illae
478 1845 611 1924 matres,
639 1862 721 1924 quae
744 1840 923 1926 potentiam
945 1840 1121 1906 liberorum

96 1930 248 1995 muliebri
276 1929 458 2014 inpotentia
487 1933 649 2014 exercent,
679 1952 775 2015 quae,
805 1930 882 2014 quia
908 1930 1037 1996 feminis
1064 1930 1122 1995 ho·
1193 1939 1195 1945 ’

51 2040 79 2081 so
96 2040 191 2083 nores
214 2041 282 2084 non
303 2019 381 2084 licet
404 2039 528 2105 gerere,
549 2041 608 2104 per
626 2019 700 2085 illos
719 2019 909 2086 ambitiosae
927 2022 1017 2103 sunt,
1040 2040 1122 2104 quae

96 2108 292 2194 patrimonia
328 2109 471 2173 filiorum
504 2112 536 2174 et
567 2108 762 2174 exhauriunt
793 2112 826 2175 et
857 2111 1002 2194 captant,
1039 2129 1122 2194 qnae

97 2198 316 2282 eloquentiam
343 2197 578 2264 commodando
607 2198 679 2264 aliis
706 2198 859 2286 fatigant:
886 2201 923 2264 tu
944 2198 1157 2279 liberorumc

95 2290 227 2352 tuomm
254 2286 348 2353 bonis
377 2287 555 2372 plurimum
578 2289 690 2374 gavisa
713 2310 763 2373 es,
791 2288 962 2354 minimum
985 2310 1057 2374 usa3
1084 2291 1122 2354 tu

95 2376 283 2442 liberalitati
318 2381 448 2443 nostrae
484 2397 611 2462 semper
646 2377 832 2463 imposuisti
863 2377 1009 2462 modum,
1046 2380 1121 2443 cum

51 2469 171 2531 aetnae
198 2487 266 2530 non
288 2465 474 2550 inponerem
500 2470 539 2530 tu
561 2466 630 2532 filia
651 2466 793 2532 familiae
815 2467 1033 2552 locupletibus
1055 2466 1121 2532 filis

96 2555 183 2620 ultro
207 2554 387 2639 contulisti3
409 2559 447 2622 tu
469 2555 665 2640 patrimonia
682 2559 794 2621 nostra
812 2556 860 2623 sic
878 2556 1122 2640 administrasti,

96 2647 134 2709 ut
162 2647 328 2729 tamquam
356 2645 392 2709 in
418 2645 484 2711 tuis
510 2645 688 2728 laborares,
718 2648 884 2731 tamquam
911 2645 1024 2711 alienis
1051 2644 1121 2712 abs-

95 2734 229 2818 tineres3
265 2737 303 2800 tu
339 2736 463 2820 gratiae
498 2739 642 2819 nostrae,
674 2738 840 2820 tamquam
878 2735 992 2801 alienis
1024 2735 1120 2802 rebus

96 2824 245 2906 utereris,
267 2824 440 2908 pepercisti
463 2827 496 2890 et
518 2847 559 2891 ex
580 2824 758 2891 honoribus
780 2824 900 2891 nostris
923 2824 1007 2890 nihil
1029 2824 1070 2891 ad
1088 2828 1120 2889 te

186 3034 202 3088 1
227 3038 258 3088 at
279 3036 312 3090 ta
334 3051 388 3090 ras.
408 3034 451 3090 A⁵
469 3035 507 3089 ad
525 3036 567 3091 A¹
589 3041 621 3091 ut
640 3036 694 3092 aa
720 3035 731 3110 ΙΙ
798 3035 940 3108 admones!
958 3035 986 3091 A
1011 3052 1080 3091 eras.
1107 3051 1120 3090 s

95 3107 137 3161 oet
159 3107 173 3160 t
230 3105 249 3160 4
271 3108 389 3177 gratam
408 3106 451 3162 Al
473 3106 484 3179 tt
508 3105 527 3160 6
550 3107 739 3163 contemtione
759 3108 787 3163 A
810 3105 821 3180 tl
847 3107 862 3162 7
885 3107 975 3163 iacuit
995 3108 1024 3162 A
1045 3107 1121 3161 iacet

97 3177 181 3234 Gertz
225 3193 307 3233 nemo
326 3177 418 3248 magis
436 3177 518 3232 illum
537 3179 692 3235 contemnit
707 3178 806 3246 Germ
824 3184 899 3234 unco
915 3178 973 3234 cod.
988 3179 1017 3233 A
1034 3179 1120 3247 scrip·

96 3254 189 3306 taram
213 3250 273 3305 coll.
294 3249 361 3306 loeis
384 3250 522 3306 amaltheae
546 3249 614 3305 dict.
633 3250 713 3306 VIII
727 3252 785 3318 7,3
808 3251 849 3320 (p.
863 3254 928 3318 240,
940 3250 970 3318 8)
995 3254 1021 3304 et
1042 3251 1119 3318 epist.

97 3324 143 3388 76,
155 3324 194 3376 26
213 3323 223 3389 (
247 3324 331 3387 .266,
345 3324 382 3376 21
401 3321 451 3388 H.)
473 3320 484 3394 tt
506 3320 543 3376 10
560 3319 635 3375 nich'
654 3319 743 3376 habes
761 3319 804 3375 A⁶
821 3319 911 3376 nichil
929 3318 997 3374 abes
1015 3326 1047 3376 ut
1064 3320 1119 3376 ott.
1197 3313 1201 3319 ⁴

96 3390 139 3446 A²
162 3390 173 3464 lt
196 3390 215 3446 Ξ
255 3389 438 3456 liberalitatit
458 3394 486 3447 A
510 3391 521 3464 {t
545 3390 581 3446 ab
603 3390 669 3446 filiis
687 3391 715 3447 A
738 3407 807 3447 corr.
821 3391 885 3459 fort.
900 3409 935 3447 m.
951 3395 967 3446 1
986 3406 1021 3446 cc
1038 3389 1093 3446 filis
1110 3390 1121 3463 Η

96 3460 133 3516 26
151 3460 319 3536 contulistis!
332 3465 411 3532 (eros
426 3463 451 3530 s)
464 3462 493 3518 A
514 3461 525 3536 ΙΙ
549 3461 584 3518 at
602 3463 691 3519 intuie
705 3464 734 3518 A
750 3462 809 3517 tuis
828 3462 911 3519 (terta
932 3461 943 3535 Η
964 3460 1001 3516 28
1019 3461 1120 3519 alienis

97 3534 242 3589 ‘Pinetam'
257 3539 335 3590 vetra
353 3534 443 3590 lectio’
462 3533 570 3590 aliisA
587 3533 651 3609 [129
669 3533 738 3590 adio
755 3549 828 3590 corr.
839 3551 880 3589 m.
892 3539 912 3588 1
926 3549 963 3587 ea
977 3535 1053 3585 aare
1068 3535 1100 3584 A

1201 3574 1214 3685 t
