2438 3846
109 136 175 203 288
312 132 343 188 L.
357 131 500 186 ANNAEI
519 129 684 188 SENECAE
703 129 799 185 DIAL.
813 130 881 185 LIB.
896 129 929 186 X.

74 279 227 345 cnedum
257 282 295 342 ut
326 278 381 342 isti
414 278 525 344 sciant.
572 276 695 361 magni,
726 275 808 342 mibi
837 277 945 360 crede,
975 280 1008 342 et
1038 298 1139 362 supra

109 369 267 434 humanos
298 388 420 431 errores
449 367 619 432 eminentis
648 366 711 430 riri
734 365 889 431 estnihil
912 388 951 431 ex
975 387 1034 434 suc
1057 370 1139 432 tem-

109 479 189 542 pore
219 455 353 520 delibari
383 457 499 538 sinere,
528 459 560 520 et
587 455 659 519 ideo
683 455 752 520 eius
776 455 844 520 vita
865 455 1057 541 longissima
1079 460 1139 541 est,

111 547 200 629 quia,
219 549 517 628 quantumcumque
535 545 656 628 patuit,
675 547 782 608 toturn
800 545 865 628 ipsi
884 545 1019 609 vocavit.
1053 545 1140 610 nibil

109 634 184 699 inde
213 635 373 698 incultum
404 633 610 717 otiosumque
639 633 752 717 iacuit,
778 632 862 697 nihil
889 633 948 698 sub
977 633 1041 698 elio
1065 633 1139 717 fuit,
1170 655 1183 698 s

109 744 213 808 neque
237 722 323 787 enirn
347 723 521 806 quicquam
542 721 685 806 repperit
704 722 839 807 dignum
857 722 945 805 quod
964 743 1040 787 cum
1057 725 1139 787 tem-

70 844 72 849 *
108 833 188 896 pore
217 832 276 875 suc
306 814 505 894 permutaret
532 815 641 876 custos
670 812 739 875 eius
764 810 981 894 parcissimus.
1027 811 1138 894 itaque

110 900 188 965 setis
211 899 260 963 illi
281 899 358 964 fuit:
383 900 410 964 is
434 922 510 965 vero
533 920 663 965 necesse
687 903 735 965 est
759 899 912 982 defuisse,
934 921 975 964 ex
998 919 1138 982 quorum

74 989 177 1053 evita
206 989 346 1052 multum
376 989 518 1073 populus
548 989 633 1054 tulit.
685 1009 746 1054 nec
769 988 929 1071 estquod
952 991 1047 1072 putes
1070 1010 1139 1054 non

110 1077 184 1142 illos
214 1077 388 1161 aliquando
417 1078 605 1164 intellegere
636 1078 790 1142 damnum
820 1099 929 1142 suum:
965 1077 1138 1161 plerosque
1156 1099 1182 1139 ιο

110 1170 196 1231 certe
219 1167 329 1231 audies
353 1166 456 1250 exis,
488 1187 569 1250 quos
593 1188 712 1252 magna
734 1166 872 1231 felicitas
896 1170 1024 1252 gravat,
1053 1166 1140 1232 inter

110 1251 278 1319 clientium
312 1275 427 1341 greges
461 1259 517 1320 aut
549 1276 718 1320 causarum
751 1254 894 1321 actiones
927 1258 984 1320 eut
1016 1258 1138 1321 ceteras

109 1343 262 1408 honestas
295 1343 440 1409 miserias
474 1345 653 1409 exclamare
685 1343 862 1409 interdum:
903 1343 1027 1409 ‘virere
1057 1345 1140 1408 mihi

76 1446 177 1497 'cnon
198 1431 296 1498 licet'
339 1432 453 1518 quidni
475 1455 542 1497 non
564 1432 683 1498 liceat?
719 1454 831 1498 omnes
854 1432 918 1516 illi,
941 1432 997 1518 qui
1020 1436 1054 1499 te
1076 1432 1140 1498 sibi

111 1522 282 1605 advocant,
306 1521 367 1586 tibi
389 1522 563 1587 abducunt.
609 1522 664 1587 ille
687 1543 761 1586 reus
785 1525 866 1605 quot
889 1521 957 1587 dies
980 1521 1140 1588 abstulit?
1158 1541 1182 1583 rs

111 1613 192 1693 quot
220 1611 277 1676 ille
307 1610 518 1676 candidatus?
570 1615 649 1694 quot
673 1611 729 1676 illa
752 1632 832 1675 anus
856 1611 1025 1676 efferendis
1048 1611 1138 1677 bere·

111 1698 204 1763 dibus
236 1699 342 1764 lassa?
387 1704 469 1783 quot
497 1701 553 1764 ille
583 1701 624 1764 ad
653 1700 842 1765 irritandam
873 1701 1042 1765 avaritiam
1065 1721 1139 1785 cap·

109 1788 249 1853 tantium
274 1788 444 1853 simulatus
468 1789 585 1874 aeger?
636 1792 716 1872 quot
739 1789 795 1854 ille
817 1789 984 1872 potentior
1006 1789 1140 1872 amicus,

111 1877 168 1958 qui
191 1898 248 1942 vos
270 1899 339 1942 non
361 1877 395 1941 in
419 1877 575 1961 amicitia,
598 1878 654 1942 sed
676 1877 712 1941 in
734 1881 892 1962 apparatu
915 1877 1035 1943 habet?
1077 1878 1140 1943 dis·

109 1986 233 2050 punge,
265 1965 413 2049 inquam,
449 1970 481 2030 et
514 1987 645 2032 recense
672 1967 758 2031 vitae
788 1971 863 2031 tuae
891 1966 973 2032 dies:
1013 1966 1139 2032 videbis
1157 1987 1183 2028 so

75 2068 231 2136 spaucos
264 2054 438 2119 admodum
472 2057 504 2119 et
533 2055 672 2125 reiculos
703 2058 783 2139 aput
812 2060 844 2119 te
874 2055 1038 2120 resedisse.
1085 2055 1139 2120 ud·

111 2146 240 2207 secutus
277 2142 332 2207 iile
370 2163 452 2226 quos
490 2147 658 2226 optaverat
695 2143 799 2209 fasces
832 2144 923 2228 cupit
953 2164 1074 2227 ponere
1107 2147 1140 2208 et

111 2231 247 2296 subinde
277 2230 369 2297 dicit:
406 2231 552 2315 ‘quando
580 2232 635 2298 hic
662 2254 766 2297 annus
790 2231 1015 2316 praeteribit?
1060 2233 1140 2298 fucit

110 2318 166 2385 ille
188 2320 297 2403 ludos,
321 2338 460 2405 quorum
484 2325 605 2386 sortem
629 2321 692 2387 sibi
715 2322 885 2408 optingere
907 2342 1027 2407 megnc
1046 2321 1139 2388 aesti-

111 2409 224 2473 mauit:
248 2409 409 2493 ‘quando'
432 2410 539 2494 inquit
563 2409 659 2476 ‘istos
683 2409 874 2497 effugiam?'
915 2410 1067 2494 diripitur
1082 2410 1140 2475 ille
1157 2429 1184 2470 rs

110 2500 181 2562 toto
213 2497 285 2563 foro
318 2502 473 2583 patronus
504 2503 537 2564 et
567 2521 686 2585 magno
717 2520 877 2565 concursu
907 2500 1016 2565 omnia
1044 2500 1140 2583 ultre,

111 2606 208 2669 quam
232 2586 337 2651 audiri
354 2592 477 2672 potest,
496 2590 650 2672 complet:
675 2588 837 2672 ‘quando'
855 2588 963 2672 inquit
981 2588 1047 2654 ‘res
1065 2609 1139 2673 pre
1178 2656 1182 2665 ,

110 2674 291 2740 ferentur?'
335 2677 527 2761 praecipitat
557 2677 695 2761 quisque
725 2677 825 2742 vitem
856 2698 949 2742 suam
977 2681 1010 2742 et
1036 2676 1140 2742 futuri

76 2778 92 2826 9
112 2763 268 2829 desiderio
290 2764 431 2848 laborat,
454 2767 674 2853 praesentium
697 2765 813 2831 taedio.
853 2770 888 2831 at
910 2767 965 2831 ille
989 2765 1046 2851 qui
1068 2766 1140 2831 nul·

110 2854 179 2918 lum
211 2875 278 2918 non
310 2857 438 2938 tempus
472 2855 506 2920 in
537 2876 616 2920 usus
646 2876 722 2919 suos
753 2855 892 2939 confert,
922 2856 979 2940 qui
1009 2876 1139 2921 omnem
1159 2874 1184 2915 ro

200 3009 218 3062 5
236 2987 517 3078 otiosumque'iaeuit
530 3013 600 3082 volo.
620 3013 740 3081 otiumq;
754 3012 871 3067 uacauit
885 3011 936 3079 A⁶,
950 3028 984 3066 ecc
997 3010 1040 3067 A¹
1052 3013 1139 3115 scrip·

111 3085 177 3134 tero
194 3088 330 3148 apparent
348 3082 469 3138 litterae.-
488 3082 560 3137 otios
576 3123 740 3138 ........
757 3083 819 3136 suit
837 3083 855 3208 p
872 3082 891 3137 8
908 3083 933 3136 is
951 3082 994 3137 A¹
1011 3081 1057 3136 his
1070 3083 1098 3138 A
1130 3082 1141 3155 ΙΙ

111 3149 129 3204 o
146 3166 204 3204 non
217 3151 337 3222 Madvip
350 3154 458 3208 incerto
471 3156 541 3209 coni.
559 3154 626 3208 hinc
641 3156 669 3210 A
687 3153 782 3208 minus
800 3155 837 3209 Jo
857 3153 986 3209 ,Mttller
998 3154 1009 3227 ΙΙ
1027 3152 1062 3209 11
1080 3153 1140 3208 exis

111 3222 162 3288 A¹,
180 3220 199 3275 h
217 3238 305 3291 supro
322 3223 333 3277 i
352 3224 416 3279 add.
436 3243 471 3280 m.
490 3242 583 3281 recem
607 3224 678 3310 11⁹1ss
704 3228 775 3294 quot
796 3226 946 3350 volpquo
965 3226 994 3281 A
1023 3224 1026 3297 t
1051 3223 1087 3280 1⁰
1109 3224 1141 3278 in

112 3293 240 3347 amicitie
258 3294 308 3348 sed
326 3294 357 3348 in
375 3298 517 3364 apparatu
535 3299 604 3367 oclp.
625 3296 786 3352 memicitiss
804 3313 834 3352 se
873 3311 1014 3366 mappara
1062 3296 1092 3351 A
1109 3296 1141 3349 in

112 3364 268 3419 amicitiam
294 3366 344 3420 sed
368 3367 400 3421 in
426 3370 597 3436 apparatum
618 3380 635 3422 s
661 3367 671 3440 Η
698 3366 733 3422 21
757 3367 889 3423 reiiculcs
910 3368 1049 3423 Ermmus
1071 3365 1140 3420 ridi-

112 3434 190 3488 culos
206 3435 261 3561 Aul]
282 3436 319 3491 80
338 3453 449 3493 omnem
469 3439 545 3494 diem
562 3439 645 3495 Gertz
663 3443 694 3494 ds
714 3437 772 3494 dies
785 3440 814 3495 A
832 3438 880 3494 sed
898 3455 928 3493 es
946 3442 1016 3494 Μ
1033 3439 1066 3492 in
1083 3454 1139 3493 ras.

60 3528 64 3535 ·
88 3519 152 3569 stro
170 3509 189 3558 ὁ
206 3508 262 3561 m‘.
281 3510 430 3581 ombriose
