<?xml version="1.0" encoding="UTF-8"?>
<!DOCTYPE html PUBLIC "-//W3C//DTD XHTML 1.0 Transitional//EN"
    "http://www.w3.org/TR/xhtml1/DTD/xhtml1-transitional.dtd">
<html xmlns="http://www.w3.org/1999/xhtml" xml:lang="en" lang="en">
 <head>
  <title>
</title>
<meta http-equiv="Content-Type" content="text/html;charset=utf-8" />
  <meta name='ocr-system' content='tesseract 3.04.00' />
  <meta name='ocr-capabilities' content='ocr_page ocr_carea ocr_par ocr_line ocrx_word'/>
</head>
<body>
  <div class='ocr_page' id='page_1' title='image "./lannaeisenecaeo02senegoog_0240.png"; bbox 0 0 2438 3846; ppageno 0'>
   <div class='ocr_carea' id='block_1_1' title="bbox 91 84 931 200">
    <p class='ocr_par' dir='ltr' id='par_1_1' title="bbox 91 84 931 200">
     <span class='ocr_line' id='line_1_1' title="bbox 91 84 931 200; baseline -0.007 -11"><span class='ocrx_word' id='word_1_1' title='bbox 91 134 162 200; x_wconf 81' lang='lat'>210</span> <span class='ocrx_word' id='word_1_2' title='bbox 287 129 317 184; x_wconf 86' lang='lat' dir='ltr'>a.</span> <span class='ocrx_word' id='word_1_3' title='bbox 332 128 475 184; x_wconf 76' lang='lat' dir='ltr'>Anauni</span> <span class='ocrx_word' id='word_1_4' title='bbox 493 127 659 184; x_wconf 73' lang='lat' dir='ltr'>enuncia</span> <span class='ocrx_word' id='word_1_5' title='bbox 677 84 774 183; x_wconf 80' lang='lat' dir='ltr'>nna.</span> <span class='ocrx_word' id='word_1_6' title='bbox 788 125 856 181; x_wconf 74' lang='lat' dir='ltr'>ine.</span> <span class='ocrx_word' id='word_1_7' title='bbox 870 125 931 183; x_wconf 89' lang='lat' dir='ltr'>vn.</span> 
     </span>
    </p>
   </div>
   <div class='ocr_carea' id='block_1_2' title="bbox 56 272 1171 2589">
    <p class='ocr_par' dir='ltr' id='par_1_2' title="bbox 56 272 1171 2589">
     <span class='ocr_line' id='line_1_2' title="bbox 91 272 1122 358; baseline -0.005 -17"><span class='ocrx_word' id='word_1_8' title='bbox 91 275 228 343; x_wconf 82' lang='lat' dir='ltr'>virilitas</span> <span class='ocrx_word' id='word_1_9' title='bbox 257 276 346 341; x_wconf 84' lang='lat' dir='ltr'>salva</span> <span class='ocrx_word' id='word_1_10' title='bbox 372 276 434 358; x_wconf 89' lang='lat' dir='ltr'>est,</span> <span class='ocrx_word' id='word_1_11' title='bbox 461 275 545 339; x_wconf 91' lang='lat' dir='ltr'>nulli</span> <span class='ocrx_word' id='word_1_12' title='bbox 573 295 690 358; x_wconf 91' lang='lat' dir='ltr'>corpus</span> <span class='ocrx_word' id='word_1_13' title='bbox 718 277 811 337; x_wconf 91' lang='lat' dir='ltr'>tuum</span> <span class='ocrx_word' id='word_1_14' title='bbox 834 273 925 357; x_wconf 89' lang='lat' dir='ltr'>turpi</span> <span class='ocrx_word' id='word_1_15' title='bbox 946 272 1122 356; x_wconf 87' lang='lat' dir='ltr'>patientiae</span> 
     </span>
     <span class='ocr_line' id='line_1_3' title="bbox 92 362 1122 449; baseline -0.004 -20"><span class='ocrx_word' id='word_1_16' title='bbox 92 369 199 449; x_wconf 83' lang='lat' dir='ltr'>vacat,</span> <span class='ocrx_word' id='word_1_17' title='bbox 235 364 291 431; x_wconf 90' lang='lat' dir='ltr'>sed</span> <span class='ocrx_word' id='word_1_18' title='bbox 319 365 355 429; x_wconf 93' lang='lat' dir='ltr'>in</span> <span class='ocrx_word' id='word_1_19' title='bbox 391 385 489 430; x_wconf 89' lang='lat' dir='ltr'>manu</span> <span class='ocrx_word' id='word_1_20' title='bbox 523 366 716 448; x_wconf 88' lang='lat' dir='ltr'>tympanum</span> <span class='ocrx_word' id='word_1_21' title='bbox 753 366 810 429; x_wconf 90' lang='lat' dir='ltr'>est.</span> <span class='ocrx_word' id='word_1_22' title='bbox 863 362 978 428; x_wconf 88' lang='lat' dir='ltr'>titulus</span> <span class='ocrx_word' id='word_1_23' title='bbox 1011 362 1122 446; x_wconf 86' lang='lat' dir='ltr'>itaque</span> 
     </span>
     <span class='ocr_line' id='line_1_4' title="bbox 92 452 1122 540; baseline -0.004 -21"><span class='ocrx_word' id='word_1_24' title='bbox 92 453 247 520; x_wconf 86' lang='lat' dir='ltr'>honestus</span> <span class='ocrx_word' id='word_1_25' title='bbox 275 454 415 540; x_wconf 88' lang='lat' dir='ltr'>eligatur</span> <span class='ocrx_word' id='word_1_26' title='bbox 441 455 474 518; x_wconf 87' lang='lat' dir='ltr'>et</span> <span class='ocrx_word' id='word_1_27' title='bbox 502 452 671 536; x_wconf 77' lang='lat' dir='ltr'>inscriptio</span> <span class='ocrx_word' id='word_1_28' title='bbox 700 454 772 536; x_wconf 89' lang='lat' dir='ltr'>ipsa</span> <span class='ocrx_word' id='word_1_29' title='bbox 794 452 938 517; x_wconf 82' lang='lat' dir='ltr'>excitans</span> <span class='ocrx_word' id='word_1_30' title='bbox 962 452 1122 534; x_wconf 80' lang='lat' dir='ltr'>animum3</span> 
     </span>
     <span class='ocr_line' id='line_1_5' title="bbox 92 540 1122 627; baseline -0.005 -18"><span class='ocrx_word' id='word_1_31' title='bbox 92 563 172 627; x_wconf 77' lang='lat' dir='ltr'>quoe</span> <span class='ocrx_word' id='word_1_32' title='bbox 203 548 279 625; x_wconf 77' lang='lat' dir='ltr'>suat,</span> <span class='ocrx_word' id='word_1_33' title='bbox 310 543 432 623; x_wconf 77' lang='lat' dir='ltr'><strong><em>corpori</em></strong></span> <span class='ocrx_word' id='word_1_34' title='bbox 465 541 617 606; x_wconf 83' lang='lat' dir='ltr'>adulatur</span> <span class='ocrx_word' id='word_1_35' title='bbox 646 543 863 623; x_wconf 62' lang='lat' dir='ltr'>lanuvium,</span> <span class='ocrx_word' id='word_1_36' title='bbox 898 561 980 624; x_wconf 90' lang='lat' dir='ltr'>quae</span> <span class='ocrx_word' id='word_1_37' title='bbox 1011 540 1122 605; x_wconf 89' lang='lat' dir='ltr'>statim</span> 
     </span>
     <span class='ocr_line' id='line_1_6' title="bbox 56 629 1168 714; baseline -0.004 -17"><span class='ocrx_word' id='word_1_38' title='bbox 56 636 249 697; x_wconf 73' lang='lat' dir='ltr'>evenerunt</span> <span class='ocrx_word' id='word_1_39' title='bbox 280 631 368 696; x_wconf 83' lang='lat' dir='ltr'>vitia.</span> <span class='ocrx_word' id='word_1_40' title='bbox 418 629 565 714; x_wconf 89' lang='lat' dir='ltr'>quisquis</span> <span class='ocrx_word' id='word_1_41' title='bbox 596 629 637 694; x_wconf 92' lang='lat' dir='ltr'>ad</span> <span class='ocrx_word' id='word_1_42' title='bbox 666 629 819 694; x_wconf 86' lang='lat' dir='ltr'>virtutem</span> <span class='ocrx_word' id='word_1_43' title='bbox 850 630 1001 713; x_wconf 82' lang='lat' dir='ltr'>accessit,</span> <span class='ocrx_word' id='word_1_44' title='bbox 1034 629 1123 695; x_wconf 80' lang='lat' dir='ltr'>dedit</span> <span class='ocrx_word' id='word_1_45' title='bbox 1155 651 1168 692; x_wconf 81' lang='lat' dir='ltr'>a</span> 
     </span>
     <span class='ocr_line' id='line_1_7' title="bbox 92 719 1123 807; baseline -0.003 -21"><span class='ocrx_word' id='word_1_46' title='bbox 92 742 266 807; x_wconf 74' lang='lat' dir='ltr'>generosae</span> <span class='ocrx_word' id='word_1_47' title='bbox 298 719 416 786; x_wconf 89' lang='lat' dir='ltr'>indolis</span> <span class='ocrx_word' id='word_1_48' title='bbox 445 720 621 803; x_wconf 81' lang='lat' dir='ltr'>specimen,</span> <span class='ocrx_word' id='word_1_49' title='bbox 653 719 709 802; x_wconf 89' lang='lat' dir='ltr'>qui</span> <span class='ocrx_word' id='word_1_50' title='bbox 736 719 938 804; x_wconf 77' lang='lat' dir='ltr'>voluptatem</span> <span class='ocrx_word' id='word_1_51' title='bbox 968 719 1123 802; x_wconf 90' lang='lat' dir='ltr'>sequitur,</span> 
     </span>
     <span class='ocr_line' id='line_1_8' title="bbox 92 808 1123 894; baseline -0.001 -21"><span class='ocrx_word' id='word_1_52' title='bbox 92 809 220 875; x_wconf 83' lang='lat' dir='ltr'>videtur</span> <span class='ocrx_word' id='word_1_53' title='bbox 238 809 377 892; x_wconf 86' lang='lat' dir='ltr'>enervis,</span> <span class='ocrx_word' id='word_1_54' title='bbox 399 809 534 891; x_wconf 83' lang='lat' dir='ltr'>fractus,</span> <span class='ocrx_word' id='word_1_55' title='bbox 559 808 754 894; x_wconf 84' lang='lat' dir='ltr'>degenerans</span> <span class='ocrx_word' id='word_1_56' title='bbox 768 808 793 892; x_wconf 90' lang='lat'>†</span> <span class='ocrx_word' id='word_1_57' title='bbox 806 809 891 891; x_wconf 87' lang='lat' dir='ltr'>viro,</span> <span class='ocrx_word' id='word_1_58' title='bbox 909 811 1123 893; x_wconf 88' lang='lat' dir='ltr'>perventurus</span> 
     </span>
     <span class='ocr_line' id='line_1_9' title="bbox 92 896 1123 984; baseline -0.003 -20"><span class='ocrx_word' id='word_1_59' title='bbox 92 899 127 964; x_wconf 92' lang='lat' dir='ltr'>in</span> <span class='ocrx_word' id='word_1_60' title='bbox 149 899 281 984; x_wconf 85' lang='lat' dir='ltr'>turpia,</span> <span class='ocrx_word' id='word_1_61' title='bbox 312 899 377 963; x_wconf 93' lang='lat' dir='ltr'>nisi</span> <span class='ocrx_word' id='word_1_62' title='bbox 409 897 526 980; x_wconf 90' lang='lat' dir='ltr'>aliquis</span> <span class='ocrx_word' id='word_1_63' title='bbox 559 896 744 964; x_wconf 77' lang='lat' dir='ltr'>distinxerit</span> <span class='ocrx_word' id='word_1_64' title='bbox 774 897 824 962; x_wconf 94' lang='lat' dir='ltr'>illi</span> <span class='ocrx_word' id='word_1_65' title='bbox 856 896 1054 982; x_wconf 80' lang='lat' dir='ltr'>voluptates,</span> <span class='ocrx_word' id='word_1_66' title='bbox 1087 901 1123 961; x_wconf 90' lang='lat' dir='ltr'>ut</span> 
     </span>
     <span class='ocr_line' id='line_1_10' title="bbox 93 985 1124 1072; baseline -0.003 -20"><span class='ocrx_word' id='word_1_67' title='bbox 93 989 188 1072; x_wconf 83' lang='lat' dir='ltr'>sciat,</span> <span class='ocrx_word' id='word_1_68' title='bbox 219 1008 300 1072; x_wconf 90' lang='lat' dir='ltr'>quae</span> <span class='ocrx_word' id='word_1_69' title='bbox 329 1009 369 1052; x_wconf 85' lang='lat' dir='ltr'>ex</span> <span class='ocrx_word' id='word_1_70' title='bbox 391 986 437 1051; x_wconf 89' lang='lat' dir='ltr'>eis</span> <span class='ocrx_word' id='word_1_71' title='bbox 461 987 546 1051; x_wconf 86' lang='lat' dir='ltr'>intra</span> <span class='ocrx_word' id='word_1_72' title='bbox 568 987 715 1051; x_wconf 85' lang='lat' dir='ltr'>naturale</span> <span class='ocrx_word' id='word_1_73' title='bbox 739 986 933 1051; x_wconf 91' lang='lat' dir='ltr'>desiderium</span> <span class='ocrx_word' id='word_1_74' title='bbox 958 985 1124 1068; x_wconf 85' lang='lat' dir='ltr'>desistant,</span> 
     </span>
     <span class='ocr_line' id='line_1_11' title="bbox 93 1075 1171 1161; baseline -0.002 -20"><span class='ocrx_word' id='word_1_75' title='bbox 93 1098 176 1160; x_wconf 86' lang='lat' dir='ltr'>quae</span> <span class='ocrx_word' id='word_1_76' title='bbox 199 1098 352 1160; x_wconf 87' lang='lat' dir='ltr'>praeceps</span> <span class='ocrx_word' id='word_1_77' title='bbox 376 1075 521 1140; x_wconf 86' lang='lat' dir='ltr'>ferantur</span> <span class='ocrx_word' id='word_1_78' title='bbox 544 1075 753 1159; x_wconf 86' lang='lat' dir='ltr'>infinitaeque</span> <span class='ocrx_word' id='word_1_79' title='bbox 777 1076 843 1141; x_wconf 92' lang='lat' dir='ltr'>sint</span> <span class='ocrx_word' id='word_1_80' title='bbox 864 1079 910 1159; x_wconf 85' lang='lat' dir='ltr'>et,</span> <span class='ocrx_word' id='word_1_81' title='bbox 934 1096 998 1159; x_wconf 91' lang='lat' dir='ltr'>quo</span> <span class='ocrx_word' id='word_1_82' title='bbox 1018 1076 1123 1161; x_wconf 85' lang='lat' dir='ltr'>magis</span> <span class='ocrx_word' id='word_1_83' title='bbox 1145 1099 1171 1138; x_wconf 80' lang='grc' dir='ltr'>ιο</span> 
     </span>
     <span class='ocr_line' id='line_1_12' title="bbox 58 1164 1124 1252; baseline -0.003 -21"><span class='ocrx_word' id='word_1_84' title='bbox 58 1183 74 1231; x_wconf 82' lang='lat'><strong>5</strong></span> <span class='ocrx_word' id='word_1_85' title='bbox 93 1165 283 1250; x_wconf 85' lang='lat' dir='ltr'>implentur,</span> <span class='ocrx_word' id='word_1_86' title='bbox 307 1187 344 1230; x_wconf 91' lang='lat' dir='ltr'>eo</span> <span class='ocrx_word' id='word_1_87' title='bbox 368 1166 473 1250; x_wconf 83' lang='lat' dir='ltr'>magis</span> <span class='ocrx_word' id='word_1_88' title='bbox 492 1165 716 1248; x_wconf 79' lang='lat' dir='ltr'>inexplebiles:</span> <span class='ocrx_word' id='word_1_89' title='bbox 740 1165 891 1252; x_wconf 84' lang='lat' dir='ltr'>agedum,</span> <span class='ocrx_word' id='word_1_90' title='bbox 915 1164 1017 1230; x_wconf 83' lang='lat' dir='ltr'>virtus</span> <span class='ocrx_word' id='word_1_91' title='bbox 1038 1167 1124 1229; x_wconf 87' lang='lat' dir='ltr'>ante-</span> 
     </span>
     <span class='ocr_line' id='line_1_13' title="bbox 94 1255 1125 1340; baseline -0.004 -19"><span class='ocrx_word' id='word_1_92' title='bbox 94 1256 200 1339; x_wconf 89' lang='lat' dir='ltr'>cedat,</span> <span class='ocrx_word' id='word_1_93' title='bbox 230 1259 338 1320; x_wconf 88' lang='lat' dir='ltr'>tutum</span> <span class='ocrx_word' id='word_1_94' title='bbox 366 1255 428 1319; x_wconf 90' lang='lat' dir='ltr'>erit</span> <span class='ocrx_word' id='word_1_95' title='bbox 451 1275 546 1319; x_wconf 89' lang='lat' dir='ltr'>omne</span> <span class='ocrx_word' id='word_1_96' title='bbox 569 1255 752 1340; x_wconf 87' lang='lat' dir='ltr'>vestigium.</span> <span class='ocrx_word' id='word_1_97' title='bbox 799 1258 831 1320; x_wconf 88' lang='lat' dir='ltr'>et</span> <span class='ocrx_word' id='word_1_98' title='bbox 854 1255 1005 1338; x_wconf 83' lang='lat' dir='ltr'>voluptas</span> <span class='ocrx_word' id='word_1_99' title='bbox 1028 1258 1125 1320; x_wconf 89' lang='lat' dir='ltr'>nocet</span> 
     </span>
     <span class='ocr_line' id='line_1_14' title="bbox 92 1343 1123 1427; baseline -0.001 -19"><span class='ocrx_word' id='word_1_100' title='bbox 92 1345 215 1426; x_wconf 85' lang='lat' dir='ltr'>nimia:¹</span> <span class='ocrx_word' id='word_1_101' title='bbox 238 1345 272 1408; x_wconf 90' lang='lat' dir='ltr'>in</span> <span class='ocrx_word' id='word_1_102' title='bbox 300 1344 420 1408; x_wconf 80' lang='lat' dir='ltr'>virtute</span> <span class='ocrx_word' id='word_1_103' title='bbox 443 1348 581 1408; x_wconf 90' lang='lat' dir='ltr'>nonest</span> <span class='ocrx_word' id='word_1_104' title='bbox 604 1343 792 1426; x_wconf 82' lang='lat' dir='ltr'>verendum,</span> <span class='ocrx_word' id='word_1_105' title='bbox 819 1366 860 1408; x_wconf 90' lang='lat' dir='ltr'>ne</span> <span class='ocrx_word' id='word_1_106' title='bbox 884 1343 963 1427; x_wconf 89' lang='lat' dir='ltr'>quid</span> <span class='ocrx_word' id='word_1_107' title='bbox 985 1343 1123 1407; x_wconf 89' lang='lat' dir='ltr'>nimium</span> 
     </span>
     <span class='ocr_line' id='line_1_15' title="bbox 94 1432 1124 1517; baseline -0.002 -19"><span class='ocrx_word' id='word_1_108' title='bbox 94 1433 149 1517; x_wconf 82' lang='lat' dir='ltr'>sit,</span> <span class='ocrx_word' id='word_1_109' title='bbox 182 1433 259 1517; x_wconf 92' lang='lat' dir='ltr'>quia</span> <span class='ocrx_word' id='word_1_110' title='bbox 293 1433 328 1497; x_wconf 90' lang='lat' dir='ltr'>in</span> <span class='ocrx_word' id='word_1_111' title='bbox 355 1433 427 1516; x_wconf 90' lang='lat' dir='ltr'>ipsa</span> <span class='ocrx_word' id='word_1_112' title='bbox 458 1435 507 1497; x_wconf 88' lang='lat' dir='ltr'>est</span> <span class='ocrx_word' id='word_1_113' title='bbox 535 1433 665 1516; x_wconf 80' lang='lat' dir='ltr'>modus3</span> <span class='ocrx_word' id='word_1_114' title='bbox 696 1436 840 1497; x_wconf 89' lang='lat' dir='ltr'>nonest</span> <span class='ocrx_word' id='word_1_115' title='bbox 866 1432 1005 1517; x_wconf 89' lang='lat' dir='ltr'>bonum,</span> <span class='ocrx_word' id='word_1_116' title='bbox 1037 1432 1124 1516; x_wconf 90' lang='lat' dir='ltr'>quod</span> 
     </span>
     <span class='ocr_line' id='line_1_16' title="bbox 93 1521 1171 1609; baseline -0.002 -22"><span class='ocrx_word' id='word_1_117' title='bbox 93 1521 316 1609; x_wconf 79' lang='lat' dir='ltr'>magnitudine</span> <span class='ocrx_word' id='word_1_118' title='bbox 351 1521 479 1587; x_wconf 86' lang='lat' dir='ltr'>laborat</span> <span class='ocrx_word' id='word_1_119' title='bbox 518 1543 583 1586; x_wconf 92' lang='lat' dir='ltr'>sua.</span> <span class='ocrx_word' id='word_1_120' title='bbox 638 1522 830 1589; x_wconf 76' lang='lat' dir='ltr'>rationalem</span> <span class='ocrx_word' id='word_1_121' title='bbox 867 1543 965 1607; x_wconf 88' lang='lat' dir='ltr'>porro</span> <span class='ocrx_word' id='word_1_122' title='bbox 999 1522 1124 1587; x_wconf 88' lang='lat' dir='ltr'>sortitis</span> <span class='ocrx_word' id='word_1_123' title='bbox 1145 1545 1171 1584; x_wconf 79' lang='lat'>15</span> 
     </span>
     <span class='ocr_line' id='line_1_17' title="bbox 94 1610 1125 1696; baseline -0.003 -19"><span class='ocrx_word' id='word_1_124' title='bbox 94 1616 243 1678; x_wconf 86' lang='lat' dir='ltr'>naturam</span> <span class='ocrx_word' id='word_1_125' title='bbox 272 1633 353 1696; x_wconf 89' lang='lat' dir='ltr'>quae</span> <span class='ocrx_word' id='word_1_126' title='bbox 381 1610 497 1677; x_wconf 91' lang='lat' dir='ltr'>melius</span> <span class='ocrx_word' id='word_1_127' title='bbox 524 1634 575 1677; x_wconf 89' lang='lat' dir='ltr'>res</span> <span class='ocrx_word' id='word_1_128' title='bbox 604 1634 701 1695; x_wconf 90' lang='lat' dir='ltr'>quam</span> <span class='ocrx_word' id='word_1_129' title='bbox 725 1612 808 1676; x_wconf 89' lang='lat' dir='ltr'>ratio</span> <span class='ocrx_word' id='word_1_130' title='bbox 832 1611 1047 1695; x_wconf 79' lang='lat' dir='ltr'>proponitur?</span> <span class='ocrx_word' id='word_1_131' title='bbox 1093 1616 1125 1677; x_wconf 87' lang='lat' dir='ltr'>et</span> 
     </span>
     <span class='ocr_line' id='line_1_18' title="bbox 94 1700 1125 1785; baseline -0.002 -19"><span class='ocrx_word' id='word_1_132' title='bbox 94 1701 122 1766; x_wconf 92' lang='lat' dir='ltr'>si</span> <span class='ocrx_word' id='word_1_133' title='bbox 143 1703 251 1784; x_wconf 88' lang='lat' dir='ltr'>placet</span> <span class='ocrx_word' id='word_1_134' title='bbox 273 1702 336 1766; x_wconf 87' lang='lat' dir='ltr'>ista</span> <span class='ocrx_word' id='word_1_135' title='bbox 359 1701 522 1784; x_wconf 85' lang='lat' dir='ltr'>iunctura,</span> <span class='ocrx_word' id='word_1_136' title='bbox 546 1702 573 1765; x_wconf 91' lang='lat' dir='ltr'>si</span> <span class='ocrx_word' id='word_1_137' title='bbox 596 1700 659 1766; x_wconf 90' lang='lat' dir='ltr'>hoc</span> <span class='ocrx_word' id='word_1_138' title='bbox 682 1702 789 1785; x_wconf 86' lang='lat' dir='ltr'>placet</span> <span class='ocrx_word' id='word_1_139' title='bbox 812 1701 853 1765; x_wconf 88' lang='lat' dir='ltr'>ad</span> <span class='ocrx_word' id='word_1_140' title='bbox 877 1700 1004 1765; x_wconf 90' lang='lat' dir='ltr'>beatam</span> <span class='ocrx_word' id='word_1_141' title='bbox 1022 1702 1125 1764; x_wconf 86' lang='lat' dir='ltr'>vitam</span> 
     </span>
     <span class='ocr_line' id='line_1_19' title="bbox 94 1789 1125 1874; baseline -0.001 -20"><span class='ocrx_word' id='word_1_142' title='bbox 94 1790 140 1854; x_wconf 90' lang='lat' dir='ltr'>ire</span> <span class='ocrx_word' id='word_1_143' title='bbox 170 1789 341 1873; x_wconf 88' lang='lat' dir='ltr'>comitatu,</span> <span class='ocrx_word' id='word_1_144' title='bbox 371 1791 474 1854; x_wconf 83' lang='lat' dir='ltr'>virtus</span> <span class='ocrx_word' id='word_1_145' title='bbox 502 1789 684 1873; x_wconf 87' lang='lat' dir='ltr'>antecedat,</span> <span class='ocrx_word' id='word_1_146' title='bbox 712 1790 886 1855; x_wconf 76' lang='lat' dir='ltr'>comitetur</span> <span class='ocrx_word' id='word_1_147' title='bbox 913 1791 1063 1874; x_wconf 83' lang='lat' dir='ltr'>voluptas</span> <span class='ocrx_word' id='word_1_148' title='bbox 1093 1794 1125 1854; x_wconf 85' lang='lat' dir='ltr'>et</span> 
     </span>
     <span class='ocr_line' id='line_1_20' title="bbox 94 1878 1125 1964; baseline -0.002 -19"><span class='ocrx_word' id='word_1_149' title='bbox 94 1879 179 1945; x_wconf 90' lang='lat' dir='ltr'>circa</span> <span class='ocrx_word' id='word_1_150' title='bbox 201 1900 319 1964; x_wconf 90' lang='lat' dir='ltr'>corpus</span> <span class='ocrx_word' id='word_1_151' title='bbox 342 1882 380 1942; x_wconf 91' lang='lat' dir='ltr'>ut</span> <span class='ocrx_word' id='word_1_152' title='bbox 402 1878 517 1943; x_wconf 89' lang='lat' dir='ltr'>umbra</span> <span class='ocrx_word' id='word_1_153' title='bbox 540 1883 697 1943; x_wconf 83' lang='lat' dir='ltr'>versetur:</span> <span class='ocrx_word' id='word_1_154' title='bbox 725 1880 879 1944; x_wconf 86' lang='lat' dir='ltr'>virtutem</span> <span class='ocrx_word' id='word_1_155' title='bbox 904 1878 1049 1963; x_wconf 88' lang='lat' dir='ltr'>quidem,</span> <span class='ocrx_word' id='word_1_156' title='bbox 1072 1901 1125 1944; x_wconf 86' lang='lat' dir='ltr'>ex-</span> 
     </span>
     <span class='ocr_line' id='line_1_21' title="bbox 95 1967 1171 2070; baseline -0.004 -36"><span class='ocrx_word' id='word_1_157' title='bbox 95 1968 507 2070; x_wconf 83' lang='lat' dir='ltr'>celsissimamdominam,</span> <span class='ocrx_word' id='word_1_158' title='bbox 530 1969 692 2052; x_wconf 87' lang='lat' dir='ltr'>voluptati</span> <span class='ocrx_word' id='word_1_159' title='bbox 715 1968 840 2033; x_wconf 86' lang='lat' dir='ltr'>tradere</span> <span class='ocrx_word' id='word_1_160' title='bbox 864 1970 1016 2034; x_wconf 83' lang='lat' dir='ltr'>ancillam</span> <span class='ocrx_word' id='word_1_161' title='bbox 1039 1967 1125 2033; x_wconf 90' lang='lat' dir='ltr'>nihil</span> <span class='ocrx_word' id='word_1_162' title='bbox 1145 1991 1171 2030; x_wconf 80' lang='lat' dir='ltr'>ao</span> 
     </span>
     <span class='ocr_line' id='line_1_22' title="bbox 60 2060 1125 2232; baseline -0.001 -21"><span class='ocrx_word' id='word_1_163' title='bbox 60 2060 561 2211; x_wconf 39' lang='lat' dir='ltr'>lmagnllllllldnlldiindaiiiddds</span> <span class='ocrx_word' id='word_1_164' title='bbox 579 2061 644 2229; x_wconf 66' lang='lat' dir='ltr'>cedd,</span> <span class='ocrx_word' id='word_1_165' title='bbox 674 2147 754 2211; x_wconf 88' lang='lat' dir='ltr'>haec</span> <span class='ocrx_word' id='word_1_166' title='bbox 781 2146 863 2211; x_wconf 87' lang='lat' dir='ltr'>ferat</span> <span class='ocrx_word' id='word_1_167' title='bbox 893 2147 999 2232; x_wconf 86' lang='lat' dir='ltr'>signa:</span> <span class='ocrx_word' id='word_1_168' title='bbox 1028 2146 1125 2211; x_wconf 88' lang='lat' dir='ltr'>habe-</span> 
     </span>
     <span class='ocr_line' id='line_1_23' title="bbox 94 2234 1125 2319; baseline -0.001 -19"><span class='ocrx_word' id='word_1_169' title='bbox 94 2236 200 2300; x_wconf 92' lang='lat' dir='ltr'>bimus</span> <span class='ocrx_word' id='word_1_170' title='bbox 230 2234 334 2300; x_wconf 90' lang='lat' dir='ltr'>nihilo</span> <span class='ocrx_word' id='word_1_171' title='bbox 365 2236 472 2300; x_wconf 91' lang='lat' dir='ltr'>minus</span> <span class='ocrx_word' id='word_1_172' title='bbox 504 2234 718 2319; x_wconf 87' lang='lat' dir='ltr'>voluptatem,</span> <span class='ocrx_word' id='word_1_173' title='bbox 749 2236 804 2301; x_wconf 90' lang='lat' dir='ltr'>sed</span> <span class='ocrx_word' id='word_1_174' title='bbox 837 2236 961 2300; x_wconf 91' lang='lat' dir='ltr'>domini</span> <span class='ocrx_word' id='word_1_175' title='bbox 991 2235 1060 2300; x_wconf 90' lang='lat' dir='ltr'>eius</span> <span class='ocrx_word' id='word_1_176' title='bbox 1094 2240 1125 2299; x_wconf 90' lang='lat' dir='ltr'>et</span> 
     </span>
     <span class='ocr_line' id='line_1_24' title="bbox 94 2324 1125 2412; baseline 0.001 -23"><span class='ocrx_word' id='word_1_177' title='bbox 94 2327 324 2410; x_wconf 88' lang='lat' dir='ltr'>temperatores</span> <span class='ocrx_word' id='word_1_178' title='bbox 348 2325 482 2408; x_wconf 80' lang='lat' dir='ltr'>erimus3</span> <span class='ocrx_word' id='word_1_179' title='bbox 505 2324 628 2409; x_wconf 90' lang='lat' dir='ltr'>aliquid</span> <span class='ocrx_word' id='word_1_180' title='bbox 651 2347 711 2390; x_wconf 90' lang='lat' dir='ltr'>nos</span> <span class='ocrx_word' id='word_1_181' title='bbox 735 2325 896 2408; x_wconf 82' lang='lat' dir='ltr'>exorabit,</span> <span class='ocrx_word' id='word_1_182' title='bbox 919 2325 1003 2389; x_wconf 90' lang='lat' dir='ltr'>nihil</span> <span class='ocrx_word' id='word_1_183' title='bbox 1021 2328 1125 2412; x_wconf 90' lang='lat' dir='ltr'>coget.</span> 
     </span>
     <span class='ocr_line' id='line_1_25' title="bbox 95 2414 1171 2505; baseline -0.003 -27"><span class='ocrx_word' id='word_1_184' title='bbox 95 2418 128 2478; x_wconf 88' lang='lat' dir='ltr'>at</span> <span class='ocrx_word' id='word_1_185' title='bbox 147 2415 189 2497; x_wconf 88' lang='lat' dir='ltr'>ei,</span> <span class='ocrx_word' id='word_1_186' title='bbox 213 2415 269 2498; x_wconf 90' lang='lat' dir='ltr'>qui</span> <span class='ocrx_word' id='word_1_187' title='bbox 288 2415 450 2498; x_wconf 89' lang='lat' dir='ltr'>voluptati</span> <span class='ocrx_word' id='word_1_188' title='bbox 464 2414 623 2479; x_wconf 89' lang='lat' dir='ltr'>tradidere</span> <span class='ocrx_word' id='word_1_189' title='bbox 637 2415 810 2499; x_wconf 83' lang='lat' dir='ltr'>principia,</span> <span class='ocrx_word' id='word_1_190' title='bbox 822 2419 967 2505; x_wconf 59' lang='lat' dir='ltr'>⁴utroque</span> <span class='ocrx_word' id='word_1_191' title='bbox 982 2436 1126 2497; x_wconf 80' lang='lat' dir='ltr'>caruere3</span> <span class='ocrx_word' id='word_1_192' title='bbox 1145 2435 1171 2475; x_wconf 79' lang='lat' dir='ltr'>as</span> 
     </span>
     <span class='ocr_line' id='line_1_26' title="bbox 95 2494 1125 2589; baseline 0 -22"><span class='ocrx_word' id='word_1_193' title='bbox 95 2503 248 2568; x_wconf 81' lang='lat' dir='ltr'>virtutem</span> <span class='ocrx_word' id='word_1_194' title='bbox 272 2503 359 2567; x_wconf 89' lang='lat' dir='ltr'>enim</span> <span class='ocrx_word' id='word_1_195' title='bbox 383 2503 553 2586; x_wconf 87' lang='lat' dir='ltr'>amittunt,</span> <span class='ocrx_word' id='word_1_196' title='bbox 576 2494 717 2568; x_wconf 89' lang='lat' dir='ltr'>ceterum</span> <span class='ocrx_word' id='word_1_197' title='bbox 741 2525 808 2568; x_wconf 92' lang='lat' dir='ltr'>non</span> <span class='ocrx_word' id='word_1_198' title='bbox 831 2505 895 2588; x_wconf 90' lang='lat' dir='ltr'>ipsi</span> <span class='ocrx_word' id='word_1_199' title='bbox 914 2505 1125 2589; x_wconf 84' lang='lat' dir='ltr'>voluptatem,</span> 
     </span>
    </p>
   </div>
   <div class='ocr_carea' id='block_1_3' title="bbox 186 2676 861 2750">
    <p class='ocr_par' dir='ltr' id='par_1_3' title="bbox 186 2676 861 2750">
     <span class='ocr_line' id='line_1_27' title="bbox 186 2676 861 2750; baseline 0.001 -18"><span class='ocrx_word' id='word_1_200' title='bbox 186 2678 200 2732; x_wconf 81' lang='grc'><strong>7</strong></span> <span class='ocrx_word' id='word_1_201' title='bbox 221 2678 303 2747; x_wconf 81' lang='lat' dir='ltr'>Epic.</span> <span class='ocrx_word' id='word_1_202' title='bbox 318 2678 354 2746; x_wconf 77' lang='lat' dir='ltr'>fr.</span> <span class='ocrx_word' id='word_1_203' title='bbox 369 2681 425 2734; x_wconf 77' lang='lat'>455</span> <span class='ocrx_word' id='word_1_204' title='bbox 444 2679 489 2734; x_wconf 86' lang='lat' dir='ltr'>Us.</span> <span class='ocrx_word' id='word_1_205' title='bbox 507 2676 571 2750; x_wconf 67' lang='grc'>1119</span> <span class='ocrx_word' id='word_1_206' title='bbox 590 2678 673 2748; x_wconf 79' lang='lat' dir='ltr'>Epic.</span> <span class='ocrx_word' id='word_1_207' title='bbox 686 2677 726 2746; x_wconf 71' lang='lat' dir='ltr'>fr.</span> <span class='ocrx_word' id='word_1_208' title='bbox 742 2682 796 2733; x_wconf 77' lang='lat'>514</span> <span class='ocrx_word' id='word_1_209' title='bbox 817 2679 861 2734; x_wconf 85' lang='lat' dir='ltr'>Ue.</span> 
     </span>
    </p>
   </div>
   <div class='ocr_carea' id='block_1_4' title="bbox 85 2784 1127 3575">
    <p class='ocr_par' dir='ltr' id='par_1_4' title="bbox 85 2784 1127 3575">
     <span class='ocr_line' id='line_1_28' title="bbox 185 2784 1125 2855; baseline 0.001 -15"><span class='ocrx_word' id='word_1_210' title='bbox 185 2784 203 2840; x_wconf 76' lang='lat'>4</span> <span class='ocrx_word' id='word_1_211' title='bbox 222 2801 294 2853; x_wconf 88' lang='lat' dir='ltr'>quae</span> <span class='ocrx_word' id='word_1_212' title='bbox 313 2785 412 2839; x_wconf 89' lang='lat' dir='ltr'>statim</span> <span class='ocrx_word' id='word_1_213' title='bbox 430 2787 570 2840; x_wconf 89' lang='lat' dir='ltr'>uenerunt</span> <span class='ocrx_word' id='word_1_214' title='bbox 588 2785 663 2840; x_wconf 80' lang='lat' dir='ltr'>uitia</span> <span class='ocrx_word' id='word_1_215' title='bbox 679 2787 705 2840; x_wconf 90' lang='lat' dir='ltr'><strong><em>A</em></strong></span> <span class='ocrx_word' id='word_1_216' title='bbox 728 2786 896 2854; x_wconf 82' lang='lat' dir='ltr'>scripturam</span> <span class='ocrx_word' id='word_1_217' title='bbox 914 2803 1042 2842; x_wconf 73' lang='lat' dir='ltr'>erraneam</span> <span class='ocrx_word' id='word_1_218' title='bbox 1060 2803 1125 2855; x_wconf 79' lang='lat' dir='ltr'>sup-</span> 
     </span>
     <span class='ocr_line' id='line_1_29' title="bbox 92 2857 1126 2927; baseline 0 -16"><span class='ocrx_word' id='word_1_219' title='bbox 92 2857 179 2927; x_wconf 78' lang='lat' dir='ltr'>pleuit</span> <span class='ocrx_word' id='word_1_220' title='bbox 197 2857 383 2912; x_wconf 74' lang='lat' dir='ltr'>Reitzenstein</span> <span class='ocrx_word' id='word_1_221' title='bbox 407 2873 480 2925; x_wconf 88' lang='lat' dir='ltr'>quae</span> <span class='ocrx_word' id='word_1_222' title='bbox 504 2858 563 2911; x_wconf 88' lang='lat' dir='ltr'>stat</span> <span class='ocrx_word' id='word_1_223' title='bbox 588 2858 678 2927; x_wconf 84' lang='lat' dir='ltr'>(extat</span> <span class='ocrx_word' id='word_1_224' title='bbox 697 2857 784 2912; x_wconf 71' lang='lat' dir='ltr'>Hertz</span> <span class='ocrx_word' id='word_1_225' title='bbox 802 2864 829 2912; x_wconf 88' lang='lat' dir='ltr'>et</span> <span class='ocrx_word' id='word_1_226' title='bbox 846 2859 1056 2927; x_wconf 70' lang='lat' dir='ltr'>Reitzenstein),</span> <span class='ocrx_word' id='word_1_227' title='bbox 1082 2858 1126 2911; x_wconf 90' lang='lat' dir='ltr'>in·</span> 
     </span>
     <span class='ocr_line' id='line_1_30' title="bbox 95 2927 1127 3002; baseline 0.002 -21"><span class='ocrx_word' id='word_1_228' title='bbox 95 2929 233 2983; x_wconf 86' lang='lat' dir='ltr'>venerunt</span> <span class='ocrx_word' id='word_1_229' title='bbox 249 2927 320 2982; x_wconf 86' lang='lat' dir='ltr'>vitia</span> <span class='ocrx_word' id='word_1_230' title='bbox 335 2929 456 3000; x_wconf 68' lang='lat' dir='ltr'>Madvig</span> <span class='ocrx_word' id='word_1_231' title='bbox 474 2945 549 2997; x_wconf 87' lang='lat' dir='ltr'>quae</span> <span class='ocrx_word' id='word_1_232' title='bbox 568 2930 639 2995; x_wconf 84' lang='lat' dir='ltr'>stat,</span> <span class='ocrx_word' id='word_1_233' title='bbox 659 2944 722 2983; x_wconf 91' lang='lat' dir='ltr'>eam</span> <span class='ocrx_word' id='word_1_234' title='bbox 736 2927 863 2982; x_wconf 82' lang='lat' dir='ltr'>vendunt</span> <span class='ocrx_word' id='word_1_235' title='bbox 876 2928 947 2983; x_wconf 82' lang='lat' dir='ltr'>vitia</span> <span class='ocrx_word' id='word_1_236' title='bbox 961 2929 1099 2986; x_wconf 78' lang='lat' dir='ltr'>Schultess</span> <span class='ocrx_word' id='word_1_237' title='bbox 1117 2934 1127 3002; x_wconf 73' lang='grc' dir='ltr'>Η</span> 
     </span>
     <span class='ocr_line' id='line_1_31' title="bbox 96 2999 1125 3072; baseline 0.002 -20"><span class='ocrx_word' id='word_1_238' title='bbox 96 2999 115 3052; x_wconf 80' lang='lat' dir='ltr'>d</span> <span class='ocrx_word' id='word_1_239' title='bbox 133 2999 276 3068; x_wconf 86' lang='lat' dir='ltr'>specimen</span> <span class='ocrx_word' id='word_1_240' title='bbox 290 3001 387 3055; x_wconf 84' lang='lat' dir='ltr'>Haase</span> <span class='ocrx_word' id='word_1_241' title='bbox 406 2999 529 3069; x_wconf 87' lang='lat' dir='ltr'>speeiem</span> <span class='ocrx_word' id='word_1_242' title='bbox 543 3002 570 3053; x_wconf 92' lang='lat' dir='ltr'><strong><em>A</em></strong></span> <span class='ocrx_word' id='word_1_243' title='bbox 595 3000 598 3072; x_wconf 66' lang='lat' dir='ltr'>t</span> <span class='ocrx_word' id='word_1_244' title='bbox 616 2999 665 3068; x_wconf 89' lang='lat' dir='ltr'>qui</span> <span class='ocrx_word' id='word_1_245' title='bbox 685 3000 754 3070; x_wconf 69' lang='lat' dir='ltr'>volo.</span> <span class='ocrx_word' id='word_1_246' title='bbox 774 3015 830 3072; x_wconf 73' lang='lat' dir='ltr'>que</span> <span class='ocrx_word' id='word_1_247' title='bbox 844 3001 872 3052; x_wconf 96' lang='lat' dir='ltr'><strong><em>A</em></strong></span> <span class='ocrx_word' id='word_1_248' title='bbox 889 2999 900 3072; x_wconf 68' lang='lat' dir='ltr'>tt</span> <span class='ocrx_word' id='word_1_249' title='bbox 920 3001 934 3055; x_wconf 75' lang='lat'><strong>7</strong></span> <span class='ocrx_word' id='word_1_250' title='bbox 950 3001 1125 3071; x_wconf 87' lang='lat' dir='ltr'>degenerans</span> 
     </span>
     <span class='ocr_line' id='line_1_32' title="bbox 96 3070 1126 3142; baseline 0.002 -18"><span class='ocrx_word' id='word_1_251' title='bbox 96 3070 159 3125; x_wconf 88' lang='lat' dir='ltr'>uiro</span> <span class='ocrx_word' id='word_1_252' title='bbox 173 3070 214 3125; x_wconf 90' lang='lat' dir='ltr'>A¹</span> <span class='ocrx_word' id='word_1_253' title='bbox 232 3072 259 3139; x_wconf 91' lang='lat' dir='ltr'>(o</span> <span class='ocrx_word' id='word_1_254' title='bbox 277 3073 415 3140; x_wconf 72' lang='lat' dir='ltr'>expunxit</span> <span class='ocrx_word' id='word_1_255' title='bbox 432 3090 467 3127; x_wconf 83' lang='lat' dir='ltr'>u.</span> <span class='ocrx_word' id='word_1_256' title='bbox 484 3076 534 3126; x_wconf 91' lang='lat'>1-</span> <span class='ocrx_word' id='word_1_257' title='bbox 541 3076 569 3138; x_wconf 84' lang='lat'>2,</span> <span class='ocrx_word' id='word_1_258' title='bbox 588 3072 759 3126; x_wconf 69' lang='lat' dir='ltr'>censitae</span> <span class='ocrx_word' id='word_1_259' title='bbox 777 3078 809 3126; x_wconf 88' lang='lat' dir='ltr'>ut</span> <span class='ocrx_word' id='word_1_260' title='bbox 825 3071 894 3141; x_wconf 81' lang='lat' dir='ltr'>oid.)</span> <span class='ocrx_word' id='word_1_261' title='bbox 913 3071 1089 3142; x_wconf 83' lang='lat' dir='ltr'>degenerans</span> <span class='ocrx_word' id='word_1_262' title='bbox 1109 3089 1126 3126; x_wconf 92' lang='lat' dir='ltr'>a</span> 
     </span>
     <span class='ocr_line' id='line_1_33' title="bbox 96 3141 1125 3215; baseline 0.003 -20"><span class='ocrx_word' id='word_1_263' title='bbox 96 3141 156 3198; x_wconf 84' lang='lat' dir='ltr'>viro</span> <span class='ocrx_word' id='word_1_264' title='bbox 171 3144 268 3198; x_wconf 80' lang='lat' dir='ltr'>Mueet</span> <span class='ocrx_word' id='word_1_265' title='bbox 285 3142 421 3214; x_wconf 82' lang='lat' dir='ltr'>degener,</span> <span class='ocrx_word' id='word_1_266' title='bbox 441 3143 578 3214; x_wconf 86' lang='lat' dir='ltr'>exanguis</span> <span class='ocrx_word' id='word_1_267' title='bbox 592 3143 758 3198; x_wconf 80' lang='lat' dir='ltr'>Feldrnaun.</span> <span class='ocrx_word' id='word_1_268' title='bbox 785 3149 908 3212; x_wconf 81' lang='lat' dir='ltr'>euepeeto</span> <span class='ocrx_word' id='word_1_269' title='bbox 922 3144 1054 3215; x_wconf 84' lang='lat' dir='ltr'>degener,</span> <span class='ocrx_word' id='word_1_270' title='bbox 1070 3145 1125 3199; x_wconf 89' lang='lat' dir='ltr'>evi-</span> 
     </span>
     <span class='ocr_line' id='line_1_34' title="bbox 97 3214 1127 3288; baseline 0.005 -21"><span class='ocrx_word' id='word_1_271' title='bbox 97 3215 177 3268; x_wconf 86' lang='lat' dir='ltr'>ratas</span> <span class='ocrx_word' id='word_1_272' title='bbox 201 3216 261 3269; x_wconf 80' lang='lat' dir='ltr'>sun</span> <span class='ocrx_word' id='word_1_273' title='bbox 282 3216 315 3269; x_wconf 81' lang='lat' dir='ltr'>in</span> <span class='ocrx_word' id='word_1_274' title='bbox 338 3216 502 3285; x_wconf 76' lang='lat' dir='ltr'>predatione</span> <span class='ocrx_word' id='word_1_275' title='bbox 524 3215 534 3287; x_wconf 77' lang='grc' dir='ltr'>Η</span> <span class='ocrx_word' id='word_1_276' title='bbox 561 3215 579 3269; x_wconf 85' lang='grc'><strong>9</strong></span> <span class='ocrx_word' id='word_1_277' title='bbox 603 3214 743 3270; x_wconf 88' lang='lat' dir='ltr'>desistant</span> <span class='ocrx_word' id='word_1_278' title='bbox 761 3216 788 3267; x_wconf 89' lang='lat' dir='ltr'><strong><em>A</em></strong></span> <span class='ocrx_word' id='word_1_279' title='bbox 813 3215 949 3270; x_wconf 86' lang='lat' dir='ltr'>resistant</span> <span class='ocrx_word' id='word_1_280' title='bbox 971 3215 1100 3272; x_wconf 77' lang='lat' dir='ltr'>Erasm.¹</span> <span class='ocrx_word' id='word_1_281' title='bbox 1117 3218 1127 3288; x_wconf 79' lang='grc' dir='ltr'>ΙΙ</span> 
     </span>
     <span class='ocr_line' id='line_1_35' title="bbox 97 3284 1126 3358; baseline 0.004 -19"><span class='ocrx_word' id='word_1_282' title='bbox 97 3284 133 3340; x_wconf 85' lang='lat' dir='ltr'>la</span> <span class='ocrx_word' id='word_1_283' title='bbox 147 3285 236 3340; x_wconf 86' lang='lat' dir='ltr'>nimia</span> <span class='ocrx_word' id='word_1_284' title='bbox 250 3287 276 3340; x_wconf 93' lang='lat' dir='ltr'><strong><em>A</em></strong></span> <span class='ocrx_word' id='word_1_285' title='bbox 291 3288 320 3356; x_wconf 93' lang='lat' dir='ltr'>(a</span> <span class='ocrx_word' id='word_1_286' title='bbox 334 3303 403 3342; x_wconf 85' lang='lat' dir='ltr'>corr.</span> <span class='ocrx_word' id='word_1_287' title='bbox 417 3288 482 3353; x_wconf 76' lang='lat' dir='ltr'>fort.</span> <span class='ocrx_word' id='word_1_288' title='bbox 498 3303 532 3341; x_wconf 84' lang='lat' dir='ltr'>eu</span> <span class='ocrx_word' id='word_1_289' title='bbox 546 3303 559 3340; x_wconf 90' lang='lat' dir='ltr'>s</span> <span class='ocrx_word' id='word_1_290' title='bbox 573 3305 608 3342; x_wconf 79' lang='lat' dir='ltr'>ns.</span> <span class='ocrx_word' id='word_1_291' title='bbox 625 3289 651 3357; x_wconf 85' lang='lat'>1)</span> <span class='ocrx_word' id='word_1_292' title='bbox 669 3286 680 3358; x_wconf 70' lang='lat' dir='ltr'>lt</span> <span class='ocrx_word' id='word_1_293' title='bbox 698 3285 734 3342; x_wconf 80' lang='lat'>18</span> <span class='ocrx_word' id='word_1_294' title='bbox 748 3286 899 3341; x_wconf 88' lang='lat' dir='ltr'>comitetur</span> <span class='ocrx_word' id='word_1_295' title='bbox 913 3301 930 3340; x_wconf 83' lang='grc' dir='ltr'><strong><em>ς</em></strong></span> <span class='ocrx_word' id='word_1_296' title='bbox 950 3290 1088 3343; x_wconf 75' lang='lat' dir='ltr'>comitatu</span> <span class='ocrx_word' id='word_1_297' title='bbox 1099 3291 1126 3342; x_wconf 89' lang='lat' dir='ltr'><strong><em>A</em></strong></span> 
     </span>
     <span class='ocr_line' id='line_1_36' title="bbox 97 3357 1127 3430; baseline 0.002 -18"><span class='ocrx_word' id='word_1_298' title='bbox 97 3359 246 3427; x_wconf 70' lang='lat' dir='ltr'>(virgulam</span> <span class='ocrx_word' id='word_1_299' title='bbox 264 3359 396 3428; x_wconf 78' lang='lat' dir='ltr'>adposuit</span> <span class='ocrx_word' id='word_1_300' title='bbox 413 3360 472 3413; x_wconf 79' lang='lat' dir='ltr'>alia</span> <span class='ocrx_word' id='word_1_301' title='bbox 490 3361 599 3428; x_wconf 87' lang='lat' dir='ltr'>manus)</span> <span class='ocrx_word' id='word_1_302' title='bbox 618 3358 629 3430; x_wconf 77' lang='grc' dir='ltr'>Η</span> <span class='ocrx_word' id='word_1_303' title='bbox 646 3357 685 3413; x_wconf 80' lang='grc'>20</span> <span class='ocrx_word' id='word_1_304' title='bbox 699 3359 844 3413; x_wconf 89' lang='lat' dir='ltr'>dominam</span> <span class='ocrx_word' id='word_1_305' title='bbox 859 3359 942 3414; x_wconf 77' lang='lat' dir='ltr'>Gertz</span> <span class='ocrx_word' id='word_1_306' title='bbox 959 3361 1085 3414; x_wconf 90' lang='lat' dir='ltr'>omnium</span> <span class='ocrx_word' id='word_1_307' title='bbox 1100 3363 1127 3414; x_wconf 81' lang='lat' dir='ltr'><strong><em>A</em></strong></span> 
     </span>
     <span class='ocr_line' id='line_1_37' title="bbox 98 3429 1126 3503; baseline 0.002 -19"><span class='ocrx_word' id='word_1_308' title='bbox 98 3430 158 3496; x_wconf 72' lang='lat' dir='ltr'>(cfr.</span> <span class='ocrx_word' id='word_1_309' title='bbox 174 3429 229 3485; x_wconf 81' lang='lat' dir='ltr'>Oic.</span> <span class='ocrx_word' id='word_1_310' title='bbox 244 3430 292 3497; x_wconf 71' lang='lat' dir='ltr'>fin.</span> <span class='ocrx_word' id='word_1_311' title='bbox 307 3430 400 3497; x_wconf 82' lang='lat'><strong><em>1112,</em></strong></span> <span class='ocrx_word' id='word_1_312' title='bbox 412 3433 458 3500; x_wconf 78' lang='lat'>37)</span> <span class='ocrx_word' id='word_1_313' title='bbox 474 3434 602 3499; x_wconf 89' lang='lat' dir='ltr'>&lt;rem&gt;</span> <span class='ocrx_word' id='word_1_314' title='bbox 619 3429 719 3486; x_wconf 81' lang='lat' dir='ltr'>excels.</span> <span class='ocrx_word' id='word_1_315' title='bbox 735 3430 861 3486; x_wconf 87' lang='lat' dir='ltr'>omniurn</span> <span class='ocrx_word' id='word_1_316' title='bbox 875 3430 974 3501; x_wconf 69' lang='lat' dir='ltr'>Stangl</span> <span class='ocrx_word' id='word_1_317' title='bbox 992 3431 1002 3503; x_wconf 71' lang='lat' dir='ltr'>lt</span> <span class='ocrx_word' id='word_1_318' title='bbox 1019 3431 1055 3486; x_wconf 72' lang='lat'>22</span> <span class='ocrx_word' id='word_1_319' title='bbox 1070 3434 1126 3498; x_wconf 87' lang='lat' dir='ltr'>eat,</span> 
     </span>
     <span class='ocr_line' id='line_1_38' title="bbox 85 3498 663 3575; baseline 0.016 -29"><span class='ocrx_word' id='word_1_320' title='bbox 85 3498 164 3552; x_wconf 81' lang='lat' dir='ltr'>haec</span> <span class='ocrx_word' id='word_1_321' title='bbox 175 3501 305 3570; x_wconf 48' lang='lat' dir='ltr'>Madeesse</span> <span class='ocrx_word' id='word_1_322' title='bbox 321 3503 354 3556; x_wconf 85' lang='lat' dir='ltr'>at</span> <span class='ocrx_word' id='word_1_323' title='bbox 370 3501 425 3575; x_wconf 69' lang='lat' dir='ltr'>hec</span> <span class='ocrx_word' id='word_1_324' title='bbox 439 3500 481 3556; x_wconf 83' lang='lat' dir='ltr'>A¹</span> <span class='ocrx_word' id='word_1_325' title='bbox 499 3502 536 3556; x_wconf 86' lang='lat' dir='ltr'>ad</span> <span class='ocrx_word' id='word_1_326' title='bbox 555 3503 608 3575; x_wconf 69' lang='lat' dir='ltr'>hec</span> <span class='ocrx_word' id='word_1_327' title='bbox 624 3500 663 3555; x_wconf 87' lang='lat' dir='ltr'>A¹</span> 
     </span>
    </p>
   </div>
   <div class='ocr_carea' id='block_1_5' title="bbox 0 0 1236 3846">
    <p class='ocr_par' dir='ltr' id='par_1_5' title="bbox 0 0 1236 3846">
     <span class='ocr_line' id='line_1_39' title="bbox 0 0 1236 3846; baseline 0 0"><span class='ocrx_word' id='word_1_328' title='bbox 0 0 1236 3846; x_wconf 95' lang='lat' dir='ltr'> </span> 
     </span>
    </p>
   </div>
  </div>
 </body>
</html>
