2438 3846
216 152 267 207 AD
285 151 458 207 MARCIAM
476 149 526 206 DE
546 149 826 208 consonamus
845 151 924 207 GAP.
939 157 996 207 tl
1054 155 1117 222 157

183 297 242 364 IV.
276 297 346 364 Nec
374 302 408 363 te
436 297 478 363 ad
507 297 644 364 fortiora
667 299 782 364 ducam
805 302 1049 383 praecepta,·ut
1072 298 1153 364 in-1

92 389 235 454 humano
265 388 348 453 ferre
369 389 520 453 bumana
548 389 676 457 iubeam
703 388 814 472 mod0,
836 392 874 453 ut
896 389 968 472 ipso
991 387 1119 453 funebri

94 477 146 543 die
169 478 281 544 oculos
302 479 414 543 matris
433 479 582 543 exiocem.
619 477 660 542 ad
679 478 835 543 arbitrum
853 482 960 543 tecum
978 478 1119 543 veniam:

92 568 157 633 hoc
188 568 272 632 inter
303 589 364 632 nos
397 571 581 651 quaeretur,
614 571 724 632 utrum
756 589 893 653 mugnus
925 566 1019 632 dolor
1050 589 1119 632 esse

61 679 74 719 s
92 657 208 722 debeat
229 679 271 721 an
293 660 476 741 perpetuus.
512 679 581 721 non
598 656 711 723 dubito
730 658 810 741 quin
827 654 929 722 Iuliae
942 655 1119 742 Augustae,

94 769 191 830 quam
209 746 411 811 familiariter
429 747 573 830 coluisti,
590 748 695 833 magis
708 747 770 813 tibi
783 748 910 832 placeat
923 747 1120 831 exemplum:

93 837 151 901 illa
172 841 205 901 te
228 836 269 900 ad
288 858 382 901 suum
400 837 572 901 consilium
590 840 694 901 vocat.
732 836 789 901 illa
806 837 842 901 in
859 836 966 920 primo
985 835 1154 915 fervores

93 946 168 991 cum
189 925 329 991 maxime
351 926 545 1009 inpatientes
566 924 753 1010 ferocesque
777 930 853 991 sunt
870 925 994 1009 miseri,
1016 944 1119 990 acces-

93 1037 166 1080 sum
195 1013 295 1098 Areo,
327 1014 524 1098 philosopho
554 1014 618 1079 viri
647 1016 710 1098 sui,
739 1015 890 1099 'praebuit
918 1019 952 1079 et
979 1015 1119 1079 multum

48 1125 75 1165 ιο
93 1125 164 1168 eam
182 1125 250 1169 rem
268 1103 429 1188 profuisse
448 1104 511 1169 sibi
524 1103 671 1170 confessa
684 1103 797 1189 <est>,
812 1105 886 1189 plus
901 1125 999 1188 quam
1016 1124 1119 1188 popu-

92 1193 161 1257 lum
197 1191 394 1276 Romanum,
430 1215 527 1278 quem
561 1193 702 1258 nolebat·
729 1195 855 1259 tristem
891 1193 1025 1259 tristitia
1061 1214 1120 1258 sua

92 1281 210 1365 facere,
232 1283 307 1366 plus
330 1303 428 1366 quam
450 1281 650 1368 Augustum,
678 1283 735 1366 qui
758 1283 917 1348 subducto
939 1283 1041 1348 altero
1065 1282 1119 1347 ad·

92 1371 247 1436 miniculo
275 1371 436 1436 titubabat
461 1392 521 1437 nec
546 1373 637 1438 luctu
660 1392 793 1437 suorum
816 1372 1019 1437 inclinandus
1042 1376 1120 1455 erat,

92 1462 167 1545 plus
190 1481 288 1544 quam
310 1460 476 1526 Tiberium
497 1461 615 1545 filium,
644 1461 735 1526 cuius
758 1462 862 1546 pietus
885 1462 1060 1544 efficiebat,
1082 1464 1119 1525 ut

48 1571 74 1611 1⁵
92 1551 127 1614 in
150 1549 208 1614 iilo
232 1550 346 1615 acerbo
370 1553 404 1615 et
426 1550 542 1616 defleto
566 1551 716 1637 gentibus
739 1551 851 1616 funere
874 1552 957 1615 nihil
975 1552 1037 1616 sibi
1055 1550 1119 1615 nisi

90 1661 262 1705 numerum
292 1638 401 1705 deesse
431 1641 571 1705 sentiret.
617 1641 684 1724 hic,
715 1645 752 1705 ut
779 1642 909 1725 opinor,
936 1640 1042 1705 aditus
1070 1640 1154 1703 illia

91 1728 167 1811 fuit,
203 1729 267 1794 hoc
303 1729 500 1814 principium
536 1734 616 1815 aput
651 1730 805 1795 feminam
843 1730 1006 1814 opinionis
1043 1751 1119 1793 suae

92 1816 259 1883 custodem
282 1817 577 1903 diligentissimam:
610 1819 728 1904 ‘usque
746 1820 782 1885 in
798 1819 886 1884 hunc
905 1817 1003 1902 diem,
1026 1816 1120 1902 Iulia,

92 1911 249 1992 quantum
280 1907 409 1992 quidem
439 1929 500 1995 ego
528 1909 641 1991 sciam,
669 1909 821 1974 adsiduus
845 1909 906 1973 viri
929 1910 978 1974 tui
1002 1929 1118 1991 comes,

46 2016 74 2061 ro
91 1997 145 2062 cui
175 2018 243 2061 non
274 1999 402 2061 tantum
435 2019 517 2081 quae
549 1999 583 2062 in
612 1999 780 2082 publicum
810 1999 1002 2062 emittuntur
1031 1999 1118 2080 nota,

92 2085 148 2151 sed
167 2106 278 2151 omnes
297 2090 373 2150 sunt
391 2087 577 2152 secretiores
602 2088 783 2152 animorum
801 2091 982 2152 vestrorum
1001 2089 1118 2169 motus,

91 2174 208 2240 dedisti
241 2196 386 2259 operam,
418 2198 459 2240 ne
489 2176 568 2260 quid
597 2179 681 2241 esset
710 2176 798 2261 quod
825 2177 859 2240 in
886 2179 919 2241 te
947 2176 1118 2260 quisquam

91 2262 310 2348 reprenderet3
331 2286 391 2329 nec
414 2264 447 2328 id
470 2266 506 2329 in
529 2265 703 2330 maioribus
727 2265 824 2331 modo
849 2265 1039 2348 observasti,
1063 2264 1153 2328 sed4

91 2353 127 2417 in
158 2353 315 2437 minimis,
346 2376 387 2418 ne
418 2354 495 2438 quid
525 2355 660 2437 faceres,
690 2355 742 2419 cui
765 2354 898 2437 famam,
921 2354 1119 2419 liberrimam

45 2461 73 2504 rs
91 2441 276 2527 principum
308 2442 461 2527 iudicem,
492 2445 591 2509 velles
624 2445 798 2529 ignoscere.
853 2465 913 2509 nec
946 2443 1119 2527 quicquam

91 2531 259 2616 pulchrius
284 2533 434 2598 existimo
458 2555 556 2617 quam
579 2533 614 2596 in
637 2554 763 2599 summo
786 2533 918 2618 fastigio
942 2533 1119 2598 collocatos

91 2621 267 2686 multarum
284 2642 393 2686 rerum
409 2623 537 2687 veniam
556 2622 644 2706 dare,
662 2623 783 2687 nullius
802 2625 924 2706 petere:
944 2621 1118 2686 servandus

91 2709 201 2794 itaque
233 2710 294 2774 tibi
323 2710 359 2773 in
387 2711 449 2776 hac
479 2732 608 2796 quoquc
632 2733 666 2775 re
688 2715 764 2776 tuus
788 2732 858 2775 mos
882 2713 944 2794 est,
970 2733 1011 2775 ne
1040 2710 1119 2795 quid

91 2799 290 2883 committas,
314 2799 402 2883 quod
425 2801 532 2866 miuus
556 2801 688 2865 aliterve
711 2800 834 2865 factum
856 2801 946 2865 velis.

181 2901 368 2987 linhumano
382 2905 480 2959 Muret
497 2905 621 2959 humano
636 2906 664 2958 A
681 2903 692 2987 ll
709 2903 802 2974 tipso
817 2903 848 2958 F
862 2910 895 2959 ut
907 2906 976 2974 ootp.
992 2905 1053 2972 ipse
1068 2906 1096 2958 A
1109 2904 1119 2976 ll

90 2973 110 3030 8
128 2972 279 3028 arbrtnum
293 2976 321 3030 A
339 2991 409 3031 cerr.
427 2977 497 3046 vulp.
523 2975 534 3049 ll
558 2976 576 3030 8
598 2977 706 3043 misen,
727 2991 870 3031 accessum
889 2975 962 3030 Areo
982 2975 1119 3030 Schultess

91 3045 223 3100 miseriae
242 3045 407 3100 consulareo
421 3049 449 3102 A
472 3047 616 3114 miseriae,
635 3064 665 3102 se
684 3047 885 3101 consolandam
905 3046 1118 3116 (consolandam

91 3133 122 3172 se
140 3117 271 3188 Mudoip)
290 3118 363 3171 Areo
383 3119 539 3173 Mucianus
556 3119 566 3191 ll
585 3119 604 3172 9
621 3118 801 3189 philosophie
816 3120 844 3174 A
862 3117 872 3190 ll
892 3117 926 3172 10
944 3119 988 3173 est
1006 3118 1070 3172 odd.
1090 3118 1122 3172 F

92 3194 117 3243 et
135 3188 188 3244 ulii
206 3201 223 3243 s
241 3190 271 3243 et
290 3191 403 3257 <est>
421 3189 543 3244 multum
558 3189 716 3315 Schultesspl
732 3189 941 3260 reputasse
956 3189 989 3258 (ti
1003 3191 1119 3258 punctis

92 3259 155 3329 dez.)
180 3260 191 3332 ll
215 3259 251 3315 18
274 3260 521 3331 diligentissimam
541 3261 573 3315 F
593 3261 701 3331 diligen
716 3261 842 3315 issimum
857 3263 885 3316 A
911 3261 922 3333 Η
945 3261 981 3315 19
1003 3261 1057 3314 viri
1075 3261 1118 3314 tui

91 3331 160 3402 oolp.
179 3331 296 3386 uirtutis
310 3334 338 3388 A
355 3331 419 3458 iim
438 3333 607 3387 emittuntur
623 3335 654 3388 F
669 3340 701 3388 ut
718 3334 786 3403 vulp.
808 3333 943 3387 emittunt
956 3333 984 3386 A
1002 3332 1012 3404 ll
1030 3330 1066 3386 24
1084 3331 1118 3385 li·

91 3399 245 3458 berrimam
258 3405 327 3473 vulp.
342 3422 361 3457 u
383 3404 514 3458 errimam
524 3405 552 3458 A
565 3404 576 3476 il
589 3403 625 3458 2ss
639 3409 696 3472 qua
707 3406 735 3459 A
750 3406 897 3474 (circutum
912 3403 976 3459 odd.
986 3421 1021 3458 m.
1032 3404 1095 3471 rec.)
1112 3403 1115 3472 l

92 3473 244 3529 collocatos
263 3473 417 3528 multarum
436 3488 453 3530 ς
474 3474 628 3530 collocatas
646 3475 800 3529 multorum
818 3476 846 3530 A
868 3475 881 3547 ll
903 3474 937 3532 27
962 3474 1124 3529 seruandus

92 3561 160 3601 corr.
176 3562 210 3602 ec
228 3546 285 3601 -dis
301 3546 406 3620 A1-2p
423 3546 459 3601 28
478 3547 548 3618 quid
568 3548 597 3604 F
612 3553 645 3605 ut
662 3547 736 3620 uolq.
755 3546 824 3616 udis
841 3547 870 3600 A
