2438 3846
121 135 186 202 246
315 133 345 189 L.
360 132 502 188 ANNAEI
520 131 684 188 SENECAE
703 132 798 187 DIAL.
812 133 879 188 LlB.
894 132 941 188 IX.

120 280 277 364 paulatim
307 279 446 344 defluam
473 300 599 362 vereor,
625 281 682 343 aut
705 278 792 364 quod
815 283 865 345 est
887 279 1073 365 sollicitius,
1099 302 1139 346 ne

119 389 245 453 semper
282 390 394 435 casuro
427 366 541 432 similis
573 367 729 452 pendeam
760 373 792 434 et
823 369 898 453 plus
929 368 1066 434 fortasse
1098 369 1140 434 sit

120 479 217 543 quam
241 459 328 542 quod
350 459 420 542 ipse
443 456 608 541 pervide03
629 456 832 523 familiariter
854 457 938 523 euim
962 457 1140 524 domestica

67 564 100 614 1c
119 547 291 632 aspicimus
315 550 348 612 et
370 567 496 630 semper
517 545 636 628 iudicio
659 545 751 612 favor
772 546 882 612 officit.
919 550 1000 632 puto
1018 548 1138 613 multos

117 636 261 719 potuisse
285 634 325 700 ad
344 635 534 719 sapientiam
553 635 732 720 pervenire,
754 635 818 700 nisi
831 639 1000 720 putassent
1017 657 1051 701 se
1069 658 1139 721 per·
1168 657 1180 698 r

118 724 256 808 venisse,
287 725 351 789 nisi
382 723 538 808 quaedam
565 724 600 789 in
626 745 660 789 se
683 724 953 808 dissimulassem,
982 725 1138 810 quaedam

118 813 238 898 opertis
259 815 361 879 oculis
380 812 625 878 transiluissent.
662 835 729 878 non
748 818 796 879 est
815 814 914 898 enim,
933 814 1021 898 quod
1035 815 1138 900 magis

117 903 222 967 aliena
251 902 372 968 iudices
402 901 587 967 adulatione
616 900 730 986 <nos>
760 903 865 988 perire
893 924 991 988 quam
1011 906 1137 986 nostra.

117 992 189 1074 quis
213 992 275 1056 sibi
298 1013 409 1057 verum
434 990 539 1057 dicere
562 1012 659 1056 ausus
683 991 753 1056 est?
789 991 862 1076 quis
884 1012 952 1057 non
969 992 1055 1057 inter
1071 993 1138 1058 lau-

117 1080 261 1166 dantium
275 1079 572 1164 blandientiumque
584 1081 709 1165 positus
719 1101 833 1167 greges
842 1081 1020 1166 plurimum
1028 1085 1139 1147 tamen
1156 1101 1180 1142 a

65 1186 97 1235 ιτ
117 1169 180 1234 sibi
207 1169 276 1253 ipse
300 1170 484 1234 adsentatus
508 1169 578 1234 est?
623 1191 704 1255 rogo
726 1171 850 1254 itaque,
878 1169 906 1235 si
929 1170 1015 1254 quod
1038 1170 1138 1236 habes

116 1258 304 1343 remedium,
324 1280 388 1343 quo
402 1258 487 1323 hanc
501 1259 744 1323 fluctuationem
758 1281 862 1324 meam
876 1258 984 1342 sistas,
1003 1258 1138 1346 dignum

116 1370 167 1412 me
197 1351 291 1432 putes
323 1348 379 1431 qui
406 1348 467 1411 tibi
493 1347 760 1431 tranquillitatem
788 1348 929 1413 debeam.
974 1369 1042 1413 non
1069 1369 1138 1414 esse

116 1436 314 1521 periculosos
337 1438 391 1502 bos
414 1440 522 1502 motus
546 1438 645 1501 animi
667 1459 727 1502 nec
750 1437 923 1521 quicquam
945 1437 1139 1503 tumultuosi

115 1525 286 1590 adferentis
317 1526 398 1610 sci03
429 1529 466 1590 ut
497 1548 573 1591 vera
603 1525 664 1591 tibi
691 1526 901 1591 similitudine
928 1525 977 1610 id,
1005 1526 1045 1591 de
1073 1548 1138 1611 quc
1156 1545 1180 1586 rr

116 1635 245 1698 queror,
272 1615 466 1700 exprimam,
492 1637 560 1679 non
586 1618 777 1700 tempestate
800 1637 899 1680 vexor
926 1613 982 1680 sed
1004 1636 1138 1681 nausea:

116 1702 246 1769 detrahe
269 1725 346 1790 ergo
371 1704 524 1788 quicquid
547 1703 610 1769 hcc
629 1709 679 1769 est
696 1705 775 1769 mali
793 1707 825 1768 et
843 1725 992 1770 succurre
1010 1704 1046 1769 in
1064 1724 1138 1770 con·

117 1796 229 1876 spectu
252 1796 410 1858 terrarum
432 1793 601 1858 laboranti.
755 1803 760 1815 ·

83 1899 96 1945 1
208 1880 248 1946 ΙΙ.
286 1879 446 1968 (Sennea)
496 1881 620 1959 Quaero
651 1904 702 1948 me
735 1882 882 1947 hercules
912 1876 977 1946 iem
1007 1881 1139 1967 dudum,

118 1968 249 2054 Serene,
272 1972 340 2055 ipsc
359 1973 491 2055 tacitus,
514 1971 566 2037 cui
584 1971 682 2036 talem
701 1970 863 2037 adfectum
881 1970 981 2035 animi
1000 1970 1139 2037 similem
1156 1991 1182 2032 eo

114 2063 240 2143 putem,
275 2082 335 2125 nec
366 2061 425 2126 ulli
458 2061 591 2146 propius
626 2059 821 2125 admoverim
858 2059 1005 2144 exemplo
1041 2081 1139 2144 quam

117 2170 244 2231 eorum,
267 2151 323 2233 qui
347 2173 385 2214 ex
407 2151 507 2237 longa
530 2153 562 2214 et
584 2149 675 2235 gravi
697 2149 880 2215 valetudine
903 2149 1048 2234 expliciti
1071 2170 1138 2215 mo·

116 2237 269 2304 tiunculis
293 2238 482 2323 levibusque
505 2239 634 2303 interim
659 2239 788 2303 offensis
812 2237 1076 2324 perstringuntur
1097 2242 1139 2323 et,

115 2347 188 2392 cum
217 2328 369 2411 reliquias
397 2329 594 2414 effugerunt,
623 2327 861 2412 suspicionibus
884 2331 992 2393 temen
1014 2327 1138 2413 iuquie-

114 2420 225 2481 tantur
243 2417 439 2500 medicisque
457 2419 521 2482 iam
540 2417 611 2482 sani
629 2439 760 2481 manum
776 2417 949 2502 porrigunt
962 2419 995 2481 et
1008 2437 1138 2482 omnem
1157 2435 1182 2477 ac

114 2506 253 2571 calorem
289 2508 432 2591 corporis
465 2506 517 2572 sui
549 2506 795 2571 calumniantur.
846 2505 977 2589 horum,
1011 2503 1138 2590 Serene,

114 2616 181 2659 nou
207 2617 321 2679 perum
346 2618 458 2661 sanum
482 2599 531 2660 est
554 2616 686 2678 corpus,
713 2593 769 2659 sed
793 2594 923 2660 sanitati
945 2616 1060 2678 perum
1084 2594 1138 2660 ad·

114 2683 233 2748 suevit:
257 2685 340 2750 sicut
364 2689 412 2749 est
436 2683 566 2768 quidam
590 2688 711 2747 tremor
728 2683 826 2748 etiam
844 2683 1012 2768 tranquilli
1030 2683 1138 2769 maris,

79 2773 227 2856 satique
258 2794 331 2838 curn
362 2796 402 2838 ex
426 2775 616 2857 tempestate
638 2771 804 2854 requievit.
850 2793 932 2857 opus
956 2774 1005 2838 est
1027 2772 1137 2856 itaque

114 2883 181 2926 non
212 2861 277 2927 illis
315 2861 512 2946 durioribus,
549 2882 630 2946 quae
664 2860 728 2926 iam
760 2861 1063 2945 transcucurrimus,
1100 2865 1139 2927 ut
1157 2881 1184 2922 ro

207 3019 223 3072 l
245 3035 343 3077 vereor
365 3022 416 3074 aut
437 3021 505 3090 eoip.
525 3018 620 3074 uerior
640 3018 692 3072 aut
713 3034 781 3074 corr.
801 3035 835 3073 er
856 3019 967 3073 ueriora
984 3019 1019 3073 ut
1033 3018 1110 3073 A¹·²
1127 3017 1140 3091 ΙΙ

115 3088 132 3142 2
153 3088 216 3157 plus
231 3091 258 3144 A
281 3091 361 3159 peius
382 3092 462 3146 Gertz
480 3091 543 3158 fori.
563 3095 633 3144 recte
656 3088 667 3160 t
691 3087 709 3142 8
732 3106 783 3143 nos
805 3091 831 3143 t.
846 3091 864 3145 i.
880 3090 944 3154 qdd.
964 3102 993 3156 s,
1012 3090 1139 3159 plerique

114 3160 174 3215 cdd.
194 3167 258 3215 ante
276 3162 367 3232 magis
389 3163 399 3233 i(
422 3162 457 3216 lo
475 3160 728 3229 blandeutiumque
744 3163 772 3215 A
795 3159 805 3232 t
827 3159 933 3215 141102
951 3161 1015 3215 odd.
1031 3161 1111 3215 Koch
1127 3159 1140 3232 ΙΙ

115 3230 151 3285 16
168 3247 255 3286 uexor
278 3249 345 3290 corr.
365 3250 398 3288 eoe
420 3251 490 3288 uxor
508 3234 585 3289 A¹·¹
607 3231 618 3304 ii
641 3231 678 3286 24
696 3229 831 3300 reliquias
845 3233 874 3287 A
891 3231 1019 3301 pericula
1038 3231 1138 3288 Gorne-

115 3304 197 3358 iisaen
216 3302 366 3359 febriculas
386 3322 432 3376 epo
450 3305 460 3377 Η
477 3305 513 3359 25
528 3303 709 3373 medicusque
724 3302 766 3357 A¹
779 3320 848 3359 corr.
862 3321 898 3358 m.
914 3307 989 3358 1-2
1002 3303 1012 3376 Η
1027 3301 1064 3357 26
1078 3320 1138 3358 cor-

114 3375 178 3442 pori
197 3376 224 3430 A
247 3376 257 3448 t
279 3376 315 3431 29
333 3377 431 3444 utique
451 3393 514 3430 cum
529 3378 626 3431 Haase
643 3376 677 3429 ut
695 3390 749 3443 que
769 3379 804 3430 οῦ
817 3375 859 3430 A¹
876 3377 924 3431 ced
941 3392 1028 3444 supra
1047 3379 1082 3430 οὐ
1095 3374 1138 3431 A²

46 3457 48 3461 ·
114 3447 156 3501 cel
172 3449 270 3515 potius
293 3466 365 3503 man.
385 3451 519 3504 recentior
541 3447 620 3502 lacus
643 3446 752 3502 addidit
775 3446 786 3520 ii
809 3446 846 3501 8⁰
868 3463 942 3515 quae
960 3447 1018 3500 iam
1037 3448 1137 3517 Pinpei

98 3532 146 3582 (φ.
163 3519 349 3589 Mader'ffl'um
370 3520 470 3595 quel&
483 3523 514 3577 te
528 3521 556 3578 A
