2438 3846
207 163 258 218 AD
277 161 492 218 GALLIONEM
509 161 559 217 DE
578 160 667 217 VITA
685 161 809 217 BEATA
828 160 904 218 OAP.
921 169 962 218 11.
980 169 1013 218 12
1054 165 1121 231 207

97 314 131 376 et
147 312 275 375 tantum
294 309 522 374 acerrimorum
540 308 698 392 hostium,
716 331 735 373 a
753 312 820 374 tam
834 308 926 373 molli
940 309 1121 374 adversario

97 397 225 465 victus?
270 397 441 483 ‘quicquid
463 398 614 482 voluptas
637 397 774 464 suaserit
796 396 913 464 faciet?
960 420 1031 484 age,
1055 419 1123 463 non

97 489 187 555 vides
211 509 308 573 quam
331 488 434 553 multa
457 508 590 552 suasura
619 486 683 552 sit?
721 486 833 552 ‘nihil’
856 487 963 572 inquit
987 487 1157 572 ‘poteritu

97 578 237 664 turpiter
260 577 404 661 suadere,
428 577 505 660 quia
527 576 678 642 adiuncta
700 576 814 641 virtuti
836 575 905 642 est'
942 599 1010 642 non
1032 576 1121 642 vides

65 668 228 751 aiterum,
261 668 355 751 quale
385 666 428 730 sit
455 687 617 731 summum
643 666 779 749 bonum,
812 666 865 732 cni
884 666 1016 731 custode
1040 687 1121 750 opus

99 761 161 841 est,
182 761 220 821 ut
242 756 364 822 bonum
387 753 451 820 sit?
486 756 588 827 virtus
613 758 720 820 autem
739 755 903 840 quomodo
921 756 1122 840 voluptatem

97 849 203 933 reget,
233 866 330 929 quam
360 845 518 929 sequitur,
548 865 622 910 cum
646 845 738 928 sequi
760 845 902 930 parentis
927 845 981 927 sit,
1012 867 1121 932 regere

98 933 309 1020 imperantis?
353 938 493 1020 atergo
524 933 618 1019 ponis
642 934 729 1018 quod
753 932 911 1018 imperat?
955 935 1121 1020 egregium

98 1027 206 1089 autem
246 1023 345 1089 habet
388 1024 490 1088 virtus
531 1026 612 1107 aput
649 1043 707 1088 sos
750 1024 894 1089 officium
938 1024 1121 1107 voluptates

52 1136 79 1176 ιο
97 1114 318 1199 praegustaret
364 1112 419 1177 sed
448 1112 637 1195 videbimus,
665 1135 719 1195 an,
748 1116 827 1197 aput
851 1135 932 1197 quos
955 1117 1022 1177 tam
1047 1130 1156 1180 con-e

98 1203 269 1267 tumeliose
295 1204 433 1268 tractata
459 1202 561 1266 virtus
592 1205 655 1286 est,'
687 1201 792 1268 adhuc
821 1202 924 1267 virtus
955 1203 1010 1285 sit,
1040 1223 1121 1286 quae

97 1291 214 1357 habere
232 1310 352 1356 nomen
371 1313 464 1356 suum
483 1313 550 1357 non
568 1294 689 1374 potest,
712 1291 740 1356 si
757 1292 831 1358 loco
850 1291 960 1374 cessit3
984 1291 1121 1374 interim,

97 1380 137 1446 de
161 1402 225 1464 quo
249 1382 370 1468 agitur,
393 1381 511 1446 multos
536 1380 703 1446 ostendam
726 1381 946 1466 voluptatibus
965 1381 1121 1464 obsessos,

97 1472 133 1535 in
151 1492 232 1554 quos
251 1471 382 1536 fortuna
395 1470 505 1535 omnia
518 1492 652 1535 munera
670 1493 728 1536 sua
746 1470 871 1554 effudit,
896 1492 977 1554 quos
991 1470 1121 1536 fatearis

52 1579 79 1622 ss
97 1581 227 1626 necasse
255 1564 304 1625 est
335 1560 446 1624 malos.
493 1560 600 1644 aspice
627 1558 871 1625 Nomentanum
900 1564 933 1625 et
960 1559 1157 1645 Apicium‚·4

97 1652 255 1714 terrarum
285 1670 323 1715 ac
345 1649 457 1731 maris,
486 1652 523 1712 ut
546 1649 600 1714 isti
623 1653 753 1733 vocant,
783 1650 869 1714 bona
891 1649 1122 1733 concoquentis

98 1741 131 1803 et
176 1759 272 1822 super
309 1759 454 1803 mensam
494 1739 754 1823 recognoscentis
794 1739 939 1802 omnium
976 1738 1122 1824 gentium

98 1827 263 1912 animalia3
292 1826 365 1892 vide
396 1827 457 1892 hos
487 1826 616 1893 eosdem
645 1827 681 1891 in
703 1830 858 1914 suggestu
880 1848 973 1892 rosae
996 1826 1122 1912 despec-

98 1916 196 1981 tantis
224 1916 378 2001 popinam
406 1939 510 2001 suam,
543 1938 635 1982 aures
658 1938 775 1982 vocum
806 1938 900 2000 sono,
930 1916 1121 2000 spectaculis

50 2026 80 2068 ao
98 2006 223 2089 oculos,
253 2006 422 2090 saporibus
445 2006 591 2089 palatum
615 2027 709 2072 suum
732 2005 940 2090 delectantes;
968 2006 1121 2071 mollibus

95 2095 286 2180 lenibusque
325 2095 477 2160 fomentis
514 2098 621 2160 totum
654 2095 824 2161 lacessitur
858 2117 970 2160 eorum
1004 2117 1121 2179 corpus

97 2187 144 2267 et,
174 2205 216 2250 ne
242 2205 336 2250 nares
359 2185 489 2249 interim
512 2186 651 2268 cessent,
682 2184 834 2250 odoribus
858 2185 955 2249 variis
978 2185 1122 2250 inficitur

95 2274 188 2339 locus
220 2274 303 2358 ipse,
332 2273 366 2338 in
396 2295 461 2357 quo
490 2274 638 2338 luxuriae
669 2277 864 2358 parentatur.
911 2273 971 2339 hos
995 2295 1063 2339 esse
1086 2275 1122 2338 in

96 2363 319 2447 voluptatibus
342 2363 442 2446 dices,
464 2384 525 2428 nec
547 2367 657 2427 tamen
679 2363 744 2428 illis
763 2364 844 2429 bene
863 2364 937 2450 erit,
962 2363 1121 2448 quianon

50 2472 79 2514 ss
95 2452 183 2517 bono
206 2452 355 2538 gaudent.

186 2539 257 2607 XII.
295 2540 410 2606 ‘Male'
437 2541 544 2626 inquit
575 2541 655 2606 ‘illis
684 2541 758 2626 erit,
791 2539 868 2625 quia
895 2542 999 2606 multa
1024 2540 1156 2606 inter-1

94 2629 244 2715 veniunt,
274 2651 354 2714 quae
383 2631 572 2715 perturbent
599 2631 758 2715 animum,
786 2635 819 2696 et
846 2631 1015 2716 opiniones
1038 2629 1122 2695 inter

97 2741 131 2785 se
168 2719 346 2785 contrariae
380 2724 521 2785 mentem
555 2719 800 2805 inquietabunt?
853 2719 940 2803 quod
974 2721 1021 2784 ita
1052 2740 1121 2785 esse

188 2893 204 2948 1
224 2909 242 2948 a
259 2896 319 2948 tam
337 2893 418 2950 molli
432 2896 529 2951 eret
554 2911 591 2951 an
609 2895 688 2952 molli
702 2898 730 2951 A
750 2895 761 2969 11
783 2895 802 2950 2
824 2897 906 2952 cerba
931 2895 1067 2966 quicquid
1086 2936 1093 2951 .
1113 2936 1120 2950 .

96 2963 186 3021 faciet
199 2966 358 3023 monearis
372 2968 470 3022 tretuit
483 2968 669 3023 Reitzenstein
681 2967 692 3041 11
705 2968 723 3024 t
737 2967 883 3022 custodem
893 2968 920 3021 A
933 2966 943 3040 11
956 2966 992 3022 15
1006 2983 1121 3023 nomen·

95 3043 196 3094 mem
215 3037 257 3091 A⁸
281 3037 284 3109 1
311 3036 467 3107 &apicum
481 3041 508 3092 A
526 3054 595 3095 corr.
610 3040 678 3110 cote.
701 3039 713 3112 11
737 3039 773 3094 16
796 3039 996 3109 concoquentis
1009 3042 1036 3093 A
1056 3055 1121 3093 con·

96 3107 241 3177 quirentes
259 3107 329 3178 vole.
347 3107 411 3181 1118
429 3109 543 3164 eosdem
561 3126 577 3164 e
595 3110 635 3179 (in
652 3110 744 3181 Gertc)
762 3111 899 3182 suggestu
912 3110 1121 3166 rosas‘Groooc

97 3178 290 3249 despectantis
313 3179 395 3236 Geta
422 3195 469 3235 eos
495 3180 610 3236 demens
634 3182 848 3254 necessumsslss
869 3180 990 3252 eotantu's
1011 3181 1052 3235 A¹
1077 3183 1123 3252 (ete

96 3250 187 3306 tutus
203 3250 303 3306 litteris
320 3253 407 3306 cesis
426 3253 521 3323 poma
541 3253 601 3308 sicce
618 3253 702 3309 detio
720 3269 737 3326 e
754 3254 823 3322 fuit,
931 3253 1054 3323 retiquae
1071 3259 1122 3309 cue

95 3320 130 3375 In
148 3327 199 3376 aad
211 3323 308 3391 potius
325 3320 362 3376 de
378 3322 506 3392 fuerant,
520 3339 577 3379 noa
593 3326 638 3393 ex)
656 3341 732 3380 nune
743 3325 884 3394 scriptum
897 3324 933 3379 ab
947 3322 988 3377 A⁶
1001 3329 1122 3380 correcte

96 3391 164 3447 hoec
182 3398 235 3448 est.-
257 3392 370 3447 eosdem
390 3395 420 3448 et
437 3410 614 3450 successuros
632 3397 770 3464 expectas
786 3395 808 3449 's
867 3394 902 3450 lt
921 3393 1079 3468 [suovcum‘
1094 3397 1121 3448 A

97 3463 257 3590 (araeden.
276 3465 291 3518 t
307 3479 364 3520 con
383 3467 407 3535 s)
424 3464 435 3538 11
456 3464 493 3520 23
510 3465 562 3521 hos
580 3466 648 3537 cole.
668 3466 722 3522 hoc
735 3470 762 3521 A
786 3466 790 3539 1
863 3466 1080 3521 interueniunt
1101 3467 1130 3517 A

96 3535 160 3590 -ent
206 3542 269 3592 erte.
289 3535 340 3604 cfr.
355 3536 549 3595 Hammetrett
568 3539 669 3613 Pron.
685 3538 850 3600 saniem
868 3541 944 3594 tusa
961 3539 1026 3604 pt
