2438 3846
94 157 158 223 168
295 154 326 208 L.
341 150 485 209 Annam
504 153 669 211 SENECAE
688 155 783 210 DIAL.
798 154 867 210 LIB.
881 153 929 210 VI.

93 301 146 366 cui
168 300 234 366 frui
256 323 323 365 non
345 300 459 366 liceret
482 299 561 365 filio.
602 300 774 367 circumfer
797 322 1006 385 peromnem
1029 305 1124 366 noto·

92 412 177 474 rum,
215 389 403 475 ignotorum
439 390 654 473 frequentiam
692 391 818 472 oculos,
855 393 1025 456 occurrent
1061 391 1123 456 tibi

91 479 181 564 passi
217 479 336 563 ubique
374 480 504 544 maiora.
563 483 732 544 senserunt
769 480 831 544 ista
867 480 978 565 magni
1015 478 1122 564 duces,

93 571 262 633 senserimt
284 568 462 652 principes;
491 590 532 632 ne
555 567 631 633 deos
656 568 786 652 quidem
810 568 938 633 fabulae
962 569 1121 634 immunes

92 657 305 741 reliquerunt,
336 660 430 741 puto,
457 661 495 721 ut
522 661 707 722 nostrorum
730 657 880 721 funerum
903 658 1121 723 levamentum
1154 676 1167 719 e

94 750 177 811 esset
214 747 310 810 etiam
346 746 455 810 divina
487 746 661 810 concidere.
718 747 942 831 circumspice,
979 747 1121 831 inquam,

94 835 212 900 omnis:
244 835 368 899 nullam
392 840 457 899 tum
480 835 630 899 miseram
653 836 837 901 nominabis
861 835 1007 920 domum,
1038 857 1121 919 quae

57 941 159 990 cnon
182 923 326 988 inveniat
348 924 383 987 in
406 924 571 988 miseriore
598 925 763 990 solacium.
809 946 876 989 non
899 946 950 989 me
973 925 1121 990 hercules

92 1016 160 1077 tam
189 1014 274 1077 male
305 1011 344 1076 de
372 1014 516 1078 moribus
544 1013 609 1078 tuis
634 1015 751 1097 sentio,
774 1017 812 1078 ut
834 1018 946 1098 putem
969 1035 1065 1098 posse
1088 1018 1122 1077 te

92 1102 195 1167 levius
228 1101 297 1186 pati
311 1152 314 1158 .
329 1123 439 1167 casum
468 1107 575 1186 tuum,
606 1102 634 1167 ri
662 1103 724 1167 tibi
750 1104 915 1188 ingentem
938 1102 1121 1188 lugentium
1141 1123 1166 1162 rc

92 1213 263 1256 numerum
282 1190 479 1275 produxero:
498 1192 688 1257 malivolum
707 1192 819 1257 solacii
834 1214 939 1277 genus
959 1196 1008 1257 est
1025 1191 1122 1256 turba

94 1280 299 1365 miscrorum3
323 1280 480 1364 quosdam
503 1285 612 1345 tamen
634 1281 784 1363 referam,
807 1303 874 1346 non
896 1285 934 1346 ut
956 1281 1038 1346 scias
1057 1281 1122 1346 hoe

94 1369 196 1437 solere
218 1369 404 1434 hominibus
428 1369 637 1434 accidere-
659 1369 832 1435 ridiculum
856 1375 905 1435 est
928 1371 1014 1434 enim
1037 1391 1122 1435 mor·

93 1458 228 1523 talitatis
266 1459 414 1542 exempla
450 1459 604 1544 colligere
640 1495 698 1541 -,
736 1459 792 1524 red
828 1462 866 1523 ut
902 1459 983 1525 scias
1021 1460 1122 1524 fuisse

93 1548 227 1631 multos,
261 1547 318 1630 qui
348 1548 488 1612 lenirent
520 1569 633 1631 aspera
662 1546 787 1632 placide
818 1546 958 1613 ferendo.
1006 1571 1025 1612 a
1052 1547 1122 1611 feli·
1141 1567 1167 1609 rc

59 1636 224 1704 ocissimo
256 1635 417 1719 incipiam.
464 1635 499 1700 L.
520 1633 612 1701 Sulla
641 1637 745 1702 filium
774 1637 895 1719 amisit,
922 1657 982 1702 nec
1010 1658 1047 1700 ea
1070 1657 1121 1701 res

94 1728 151 1790 aut
183 1725 340 1790 malitiam
374 1727 442 1790 eius
476 1730 508 1789 et
540 1725 729 1793 acerrimam
761 1725 915 1790 virtutem
947 1726 982 1790 in
1011 1726 1121 1790 hostes

95 1813 245 1899 civesque
269 1813 418 1879 contudit
441 1817 498 1877 aut
521 1814 639 1898 effecit,
663 1818 700 1878 ut
723 1835 904 1899 cognomen
926 1813 1008 1878 illud
1031 1836 1123 1878 usur·

95 1926 189 1988 passe
212 1903 295 1968 falso
319 1901 494 1986 videretur,
518 1902 606 1986 quod
629 1903 747 1969 amisso
771 1903 840 1968 filio
864 1902 1046 1987 adsumpsit
1063 1925 1124 1968 nec

97 1992 171 2058 odia
202 1992 372 2057 hominum
404 1993 539 2075 veritus,
572 2012 711 2076 quorum
739 1993 824 2056 malo
853 1992 928 2058 iJJae
955 1993 1053 2057 nimis
1076 2014 1123 2057 sc·
1142 2014 1169 2055 ao

97 2080 219 2147 eundae
242 2103 293 2145 res
317 2080 521 2164 constabant,
548 2102 610 2146 nee
633 2080 787 2146 invidiam
811 2080 957 2164 deorum,
984 2102 1123 2166 quorum

97 2170 178 2236 iilud
203 2171 324 2239 crimen
348 2174 428 2254 erat,
453 2167 545 2234 Sulla
567 2174 634 2235 tam
658 2171 744 2234 felix.
782 2169 838 2235 sed
862 2170 949 2236 istud
970 2169 1053 2234 inter
1072 2191 1123 2235 res

96 2259 242 2325 nondum
265 2258 421 2324 iudicatas
446 2260 551 2342 abeat,
580 2260 684 2343 qualis
709 2257 800 2342 Sulla
822 2259 922 2325 fuerit
950 2297 995 2308 -
1025 2260 1123 2324 ctiam

97 2349 221 2414 inimici
252 2334 439 2413 fatebuntur
471 2349 552 2413 bene
582 2350 675 2413 illum
705 2370 795 2413 erma
824 2348 1013 2434 sumpsisse,
1043 2349 1124 2414 bene

96 2439 244 2523 posuisse
280 2459 338 2500 -t
388 2437 452 2502 hoc
491 2437 529 2502 de
574 2459 638 2521 quo
687 2438 794 2523 agitur
838 2437 1014 2520 constabit,
1057 2459 1125 2502 non
1143 2456 1169 2501 rs

98 2547 168 2592 esse
210 2526 387 2602 maximum
424 2527 546 2591 maium
585 2526 671 2609 quod
709 2527 805 2591 etiam
843 2526 883 2591 ad
919 2526 1124 2592 felicissimos

96 2616 252 2702 pervenit.

189 2808 206 2863 1
225 2806 375 2863 circumfer
389 2809 527 2863 Erasmus
546 2806 633 2861 circui
647 2809 711 2862 AF
726 2807 814 2862 circui
834 2850 840 2862 .
857 2850 885 2863 ..
905 2809 994 2864 oculis
1007 2809 1126 2878 Lipsiae

99 2879 220 2935 circuice
240 2921 292 2935 ...
311 2878 407 2934 oculos
426 2879 539 2934 Fickert
562 2879 565 2950 1
582 2877 601 2932 3
618 2877 725 2948 ubique
739 2877 781 2934 A’
798 2879 843 2932 uri
862 2894 918 2948 que
932 2880 974 2936 A²
991 2887 1023 2937 et
1040 2881 1095 2936 oid.
1118 2881 1122 2952 1

100 2951 198 3018 duces,
218 2952 366 3005 senserunt
379 2951 410 3005 F
424 2951 493 3019 culp.
514 2949 611 3004 duces
630 2949 651 3019 (l
665 2951 779 3019 pmctie
794 2952 901 3020 notum)
921 2951 1059 3006 senserint
1073 2951 1126 3077 Ap!

98 3021 291 3091 Geircuspice
309 3022 337 3076 A
356 3021 370 3105 11
396 3021 411 3075 1
429 3023 490 3074 tam
509 3022 573 3076 add.
591 3022 688 3076 Marci
709 3021 720 3094 11
744 3020 778 3075 ll
798 3021 927 3076 maliuoli
945 3022 1082 3077 solacium

99 3109 167 3150 corr.
188 3093 272 3150 Gerre
295 3091 424 3147 mahuoli
442 3091 539 3146 solatii
557 3093 601 3148 col
620 3136 625 3146 .
642 3105 710 3147 eas
741 3092 745 3164 1
770 3091 805 3146 lc
828 3092 894 3147 silla
911 3093 940 3148 A
958 3095 1032 3162 (item
1049 3097 1126 3149 1122

101 3182 113 3219 s
133 3164 174 3219 lla
191 3167 238 3235 23)
259 3164 270 3248 1
296 3163 330 3218 17
354 3162 496 3217 maiitiam
514 3165 543 3218 A
565 3163 605 3217 mi
619 3164 699 3217 'tiam
751 3164 835 3232 peine
856 3164 1009 3219 malificam
1027 3165 1127 3220 melius

129 3242 184 3292 crte
196 3234 354 3290 'mahficam
369 3234 429 3288 cius
444 3250 478 3288 ac
491 3234 644 3289 terrificam
657 3235 791 3288 virtutem
805 3235 942 3292 Schultess
959 3235 969 3308 11
987 3235 1022 3291 18
1037 3235 1126 3289 efficit

101 3323 169 3364 corr.
183 3308 216 3362 in
230 3305 325 3362 offecit
338 3305 431 3376 A¹·¹'t
456 3304 491 3360 lc
504 3304 577 3360 falso
593 3307 690 3364 Murci
707 3305 787 3360 saluo
800 3306 829 3361 A
847 3305 858 3378 11
874 3305 911 3361 20
924 3307 999 3362 malo
1014 3306 1082 3361 illae
1096 3306 1128 3362 F

100 3384 133 3434 ut
154 3379 225 3434 coni.
246 3378 360 3433 Fickert
383 3391 458 3431 mac
481 3376 531 3432 illc
550 3376 578 3431 A
600 3377 684 3431 malis
707 3376 785 3430 illius
804 3378 961 3433 Pincianae
983 3385 1009 3433 et
1028 3379 1096 3448 colu.
1115 3376 1126 3449 11

90 3448 136 3567 ,al
156 3447 326 3574 constabaAnt
342 3449 499 3504 Pincianus
517 3449 649 3503 constant
663 3447 691 3502 A
707 3447 719 3519 11
736 3446 772 3502 26
790 3448 828 3501 ad
847 3447 1024 3503 felicissimos
1040 3462 1056 3502 ς
1075 3449 1126 3502 ad·

105 3519 268 3572 centesimos
