2438 3846
262 210 312 266 DE
331 208 566 266 CONSTANTIA
585 208 773 264 SAPIENTIS
793 209 870 264 CAP.
886 215 942 265 Η
1071 212 1113 277 23

87 357 233 423 inmensa
263 356 453 442 eupiditate,
485 379 583 441 quam
614 357 703 420 totus
733 355 818 420 orbis
846 355 882 423 in
903 359 968 420 tres
992 354 1113 420 divisus

89 445 203 512 satiare
221 467 289 512 non
306 449 449 531 poterat,
467 446 619 518 adversus
635 445 715 510 vitia
733 444 872 510 civitatis
891 444 1113 531 degenerantis

89 539 121 602 et
149 557 279 621 pessum
308 556 368 600 sua
396 535 482 601 mole
509 535 643 601 sidentis
667 534 756 599 stetit
780 535 868 600 solus
892 538 924 599 et
947 535 1113 600 cadentem

87 647 156 691 rem
185 625 363 711 publicam,
394 628 552 709 quantum
579 625 676 690 modo
705 646 770 688 una
792 623 912 688 retrahi
936 647 1035 689 manu
1058 646 1114 709 po-

53 718 183 800 steret,
205 715 324 798 tenuit,
347 714 449 780 donec
472 714 652 779 abstractus
678 713 831 779 comitem
855 735 888 778 se
912 714 967 778 diu
991 718 1114 779 susten·

86 807 172 870 tatae
200 804 313 869 ruinae
341 803 429 869 dedit
453 803 614 888 simulque
637 803 796 868 exstincta
819 807 895 868 sunt
918 825 1000 888 quae
1023 803 1113 868 nefas

85 898 154 959 erat
177 893 290 978 dividi3
312 916 417 978 neque
441 893 527 958 enim
548 892 627 959 Cato
648 897 724 977 post
746 893 927 958 libertatem
950 892 1032 957 vixit
1054 914 1114 957 neo

83 983 215 1049 libertas
232 986 321 1069 'post
345 981 508 1049 Catonem.
554 983 632 1048 huic
663 986 700 1047 tu
732 987 827 1066 putas
860 981 1011 1047 iniuriam
1044 982 1149 1048 fieriu

84 1072 230 1158 potuisse
250 1097 270 1138 a
287 1074 424 1158 populo,
449 1073 536 1158 quod
555 1076 612 1137 aut
630 1076 814 1157 praeturam
833 1071 881 1136 illi
900 1071 1039 1136 detraxit
1058 1075 1114 1137 ant

38 1185 66 1225 ro
83 1162 218 1250 togam?
248 1162 336 1248 quod
360 1183 487 1228 sacrum
510 1163 592 1227 illud
615 1165 713 1246 eaput
736 1162 957 1248 purgamentis
977 1162 1041 1226 oris
1061 1160 1114 1225 ad·

84 1250 223 1336 sparsit?
267 1256 357 1316 tutus
387 1255 436 1318 est
466 1252 593 1336 sapiens
623 1273 683 1316 nec
712 1251 781 1315 ulla
807 1250 894 1316 affici
917 1253 974 1316 aut
997 1249 1115 1315 iniuria

85 1344 141 1406 aut
165 1341 360 1407 contumelia
382 1345 499 1426 potest.

173 1428 230 1495 III.
253 1429 375 1496 Videor
405 1431 487 1495 mihi
514 1430 633 1495 intueri
661 1430 805 1495 animum
829 1432 921 1493 tuum
945 1430 1112 1495 incensum
1134 1449 1147 1497 1

84 1523 117 1584 et
149 1519 422 1606 effervescentem
454 1543 549 1605 paras
581 1520 775 1586 adclamare:
800 1518 891 1585 ‘hacc
923 1524 999 1584 sunt
1032 1542 1114 1604 quae

38 1630 65 1673 ιε
84 1609 309 1674 auctoritatem
337 1611 516 1695 praeceptis
540 1611 655 1675 vestris
684 1608 867 1674 detrahant:
895 1631 1014 1695 magna
1041 1620 1117 1693 prof

84 1697 213 1764 mittitis
228 1702 261 1765 et
281 1722 363 1784 quae
382 1722 422 1764 ne
442 1701 548 1783 optari
567 1699 712 1784 quidem,
730 1699 849 1763 nedum
869 1698 955 1764 credi
974 1699 1114 1783 possint3

84 1788 199 1854 deinde
228 1788 373 1875 ingentia
408 1790 510 1855 locuti
542 1811 616 1855 cum
653 1811 828 1874 pauperem
864 1789 1012 1874 negastis
1045 1809 1113 1854 esse

84 1877 277 1963 sapientem,
299 1901 367 1944 non
388 1879 514 1965 negatis
539 1880 641 1944 solere
665 1880 714 1943 illi
737 1884 769 1943 et
793 1901 921 1944 servum
940 1882 973 1943 et
990 1882 1113 1943 tectum

84 1971 116 2033 et
139 1968 248 2034 cibum
272 1968 395 2052 deesse,
418 1990 493 2033 cum
512 1970 690 2053 sapientem
708 1970 850 2056 negastis
869 1968 1024 2051 insanire,
1047 1989 1115 2032 non

39 2079 66 2119 20
82 2057 210 2145 negatis
243 2060 275 2122 et
306 2058 440 2122 alienari
472 2062 503 2122 et
535 2081 651 2142 parum
684 2080 762 2123 sana
784 2060 881 2123 verba
912 2060 1057 2123 emittere
1081 2060 1114 2122 et

84 2145 240 2231 quicquid
262 2147 311 2211 vis
342 2147 448 2211 morbi
478 2149 566 2234 cogit
596 2148 726 2234 audere,
756 2171 829 2213 oum
858 2149 1036 2233 sapientem
1060 2169 1113 2211 ne·

82 2236 1113 2411 {tttttmfttattttttttttttfitttt

82 2418 244 2481 staturum
259 2417 450 2482 ministeria:
464 2417 511 2482 ita
524 2418 651 2482 sublato
669 2419 732 2482 alte
752 2418 923 2501 supercilio
943 2419 978 2481 in
1001 2417 1111 2482 eadem

38 2527 64 2569 2⁵
83 2527 166 2590 quae
190 2507 288 2571 ceteri
311 2506 504 2572 descenditis
527 2507 660 2572 mutatis
683 2528 791 2571 rerum
814 2507 1009 2571 nominibus.
1047 2506 1146 2573 talea

81 2595 193 2680 itaque
225 2596 348 2681 aliquid
380 2600 413 2660 et
444 2597 480 2661 in
510 2595 574 2661 hoc
606 2617 674 2660 esse
703 2595 863 2682 suspicor,
896 2597 984 2681 quod
1007 2596 1112 2678 prima

82 2685 189 2770 specie
219 2685 392 2769 pulchrum
422 2689 519 2770 atque
549 2686 758 2772 magnificum
787 2689 849 2769 est,
877 2708 937 2750 nec
960 2685 1112 2749 iniuriam

81 2794 143 2840 neo
166 2775 396 2840 contumeliam
415 2779 624 2859 accepturu-m
648 2796 716 2840 esse
738 2776 924 2860 sapient-em.
971 2775 1111 2839 multum

82 2866 191 2928 autem
215 2863 362 2947 interest,
391 2867 502 2928 utrum
533 2865 711 2948 sapientem
742 2869 832 2929 extra
854 2864 1111 2950 indignationem

37 2973 65 3014 so
82 2973 126 3017 an
157 2956 248 3017 extra
279 2953 431 3017 iniuriam
462 2974 575 3038 ponas.
620 2975 696 3017 nam
725 2953 753 3018 si
780 2953 860 3018 diois
890 2954 983 3018 illum
1007 2975 1110 3038 aequo

173 3143 191 3199 1
214 3143 351 3199 immensa
369 3145 411 3200 A’
465 3145 542 3201 inter
563 3149 621 3201 tres
641 3147 772 3215 Wolfflin
798 3148 829 3201 in
847 3155 918 3204 recte
936 3156 1008 3205 tenet
1026 3150 1110 3206 Feld·

81 3231 170 3272 mcma
188 3216 225 3285 (et
243 3216 330 3283 Reeh)
353 3217 403 3284 afr.
442 3218 490 3272 iol.
510 3218 562 3272 IV
571 3223 640 3285 35,3
660 3220 882 3286 beaef.1128,2
903 3220 914 3293 Η
935 3219 954 3275 4
972 3223 1059 3276 retrai
1074 3222 1110 3288 A,

81 3303 151 3343 corr.
167 3303 202 3342 m.
217 3304 269 3343 rec.
288 3287 298 3360 d
316 3287 334 3342 5
353 3293 372 3355 †
391 3286 552 3343 abstractus
567 3289 620 3357 A¹;
637 3292 669 3344 ia
687 3308 773 3362 marg.
788 3291 831 3346 Α8
844 3298 895 3346 act
907 3310 942 3346 m.
957 3310 1008 3349 rec.
1030 3292 1110 3361 †uel

81 3359 214 3428 arreptus
230 3358 295 3414 cdd.
317 3359 321 3431 Ι
343 3357 521 3434 nullstentatp
534 3361 563 3416 A
582 3364 662 3428 (eruo.
677 3360 707 3426 b)
724 3362 735 3435 tt
753 3362 786 3416 ll
802 3362 965 3418 audiniuria
980 3366 1021 3420 Αι
1039 3381 1108 3420 corr.

80 3429 126 3489 11²
139 3429 154 3518 fl
170 3429 207 3486 14
221 3429 422 3488 acclamareA
441 3434 487 3504 (ao
505 3449 541 3488 ea
558 3434 596 3489 ad
613 3434 737 3490 radendo
751 3438 831 3505 corr.)
849 3434 859 3507 d
878 3434 913 3490 18
927 3442 944 3505 †
960 3439 989 3492 et
1002 3439 1110 3492 tectum

80 3504 120 3573 A,
132 3520 166 3560 m
179 3521 266 3592 marg.
276 3505 319 3560 Α8
327 3511 379 3560 cut
391 3521 426 3581 ps.
440 3522 493 3562 ree.
508 3507 572 3562 cdd.
592 3511 612 3577 †
624 3506 674 3562 uel
686 3508 828 3564 uestitum
835 3507 903 3582 tm
915 3508 1133 3578 uogxtttuuueue

81 3594 111 3650 Α
133 3601 211 3664 (em
232 3596 255 3664 i)
266 3594 283 3668 d
295 3594 336 3650 22
351 3595 401 3652 itis
419 3596 450 3653 in
469 3597 582 3658 infitias
598 3601 638 3674 A,
658 3601 709 3661 aad
727 3602 813 3676 prius
829 3601 870 3668 'up
887 3617 912 3655 o.
924 3615 957 3652 o.
968 3593 1044 3651 odd.
1061 3586 1101 3644 ἓ
