2438 3846
110 150 177 218 354
300 148 331 203 u.
346 147 490 202 muner
508 146 675 207 sennenn
692 147 789 202 omn,
803 147 872 204 um.
886 147 947 204 xn

111 295 256 360 omnium
284 295 414 360 adiutus
441 294 572 381 ingenio
595 295 652 358 vix
674 297 784 359 tamen
805 293 943 378 invenit,
971 294 1140 378 quomodo

75 384 209 449 otrium
236 384 478 469 provinciarum
504 385 664 449 tributum
690 405 757 448 una
784 404 863 449 cene
888 383 988 449 fieret.
1034 405 1055 448 o
1080 383 1141 448 mi·

60 538 67 551 ,
111 473 276 557 serabiles,
300 495 439 557 quorum
461 473 606 558 palatum
629 473 694 538 nisi
716 471 757 537 ad
778 471 939 558 pretiosos
962 472 1052 539 cibos
1070 493 1142 539 non

111 562 282 628 excitatur!
328 563 488 647 pretiosos
525 566 633 629 sutem
669 583 737 627 non
773 561 911 628 eximius
947 582 1045 646 sopor
1081 565 1142 627 eut

111 652 220 735 eliqua
249 650 393 718 faucium
422 652 558 718 dulcedo
590 651 645 717 sed
675 652 791 717 raritas
819 654 852 716 et
879 651 1055 717 difficultas
1083 673 1141 736 pa·
1171 673 1183 714 s

110 741 203 806 randi
226 741 312 806 facit.
358 741 495 826 alioqui,
518 743 546 807 si
569 741 610 806 ad
633 763 745 806 sanem
765 740 832 806 illis
850 744 992 806 mentem
1011 741 1141 826 placent

110 831 244 913 reverti,
274 830 351 915 quid
375 852 457 917 opus
481 835 531 897 est
552 834 604 895 tot
625 831 749 896 artibus
773 831 879 896 ventri
902 829 1141 896 servientibus?

111 921 190 1005 quid
230 920 442 986 mercaturis?
495 920 573 1004 quid
614 921 795 986 vastatione
836 919 1015 985 silvarum?
1060 918 1141 1004 quid

110 1010 265 1095 profundi
282 1009 560 1095 perscrutatione?
604 1011 725 1095 passim
745 1010 852 1076 iacent
870 1009 1037 1094 alimenta,
1058 1029 1141 1092 quae

110 1121 218 1165 rerum
245 1104 362 1165 natura
389 1100 539 1166 omnibus
561 1100 643 1165 locis
667 1099 842 1184 disposuit,
869 1099 925 1166 sed
947 1098 1028 1164 hese
1049 1099 1142 1164 velut
1159 1120 1184 1162 ro

111 1190 199 1255 caeci
224 1193 394 1255 transeunt
417 1193 450 1255 et
473 1209 584 1255 omnes
607 1189 756 1275 regiones
779 1191 1011 1276 pervagantur,
1037 1187 1142 1254 maris

109 1279 265 1344 traiciunt
287 1282 334 1363 et,
356 1301 430 1344 cum
453 1278 573 1344 famem
591 1278 708 1365 exiguo
727 1279 856 1364 possint
873 1277 997 1362 sedere,
1019 1299 1141 1365 magno

76 1368 255 1433 sinritant.
300 1368 381 1433 libet
418 1368 537 1435 dicere:
575 1368 668 1452 ‘quid
706 1368 864 1436 deducitis
894 1366 1016 1435 neves?
1061 1366 1142 1451 quid

111 1479 226 1523 manus
250 1460 283 1522 et
305 1458 458 1523 aduersus
482 1459 566 1523 feres
590 1461 623 1523 et
645 1456 798 1524 adversus
817 1458 965 1524 homines
985 1455 1143 1523 ermetis?

112 1547 191 1631 quid
213 1550 304 1612 tanto
328 1548 473 1612 tumultu
496 1546 699 1613 discurritis?
745 1548 824 1632 quid
848 1569 926 1633 opes
951 1547 1069 1632 opibus
1087 1547 1185 1612 ad·1s

111 1636 246 1722 geritis?
290 1659 358 1701 non
386 1638 485 1702 voltis
514 1637 671 1723 cogitare,
702 1659 800 1721 quem
827 1658 929 1721 parua
955 1636 1048 1702 vobis
1072 1657 1142 1703 cor-

110 1748 191 1811 pora
214 1725 301 1790 sint?
345 1747 454 1790 nonne
476 1727 568 1791 furor
591 1729 623 1791 et
644 1727 779 1793 ultimus
798 1727 956 1792 mentium
975 1746 1064 1792 error
1082 1729 1143 1809 est,

111 1836 187 1880 cum
214 1817 281 1879 tam
305 1816 460 1902 exiguum
483 1816 607 1900 capias,
634 1837 752 1901 cupere
774 1814 938 1881 multum?
981 1815 1060 1882 licet
1082 1815 1142 1880 ite·

112 1926 174 1988 que
216 1905 361 1990 augeatis
402 1927 531 1989 census,
571 1905 789 1990 promoveatis
826 1905 921 1971 finest
961 1926 1142 1990 numquam

110 1996 220 2058 temen
257 2014 394 2079 corpora
429 1998 537 2060 vestre
572 1995 733 2060 laxabitis.
779 2016 854 2060 cum
889 1995 972 2060 bene
1008 1994 1185 2060 cesseritis

111 2082 305 2168 negotiatio,
341 2083 482 2148 multum
518 2083 637 2149 militia
673 2084 847 2167 rettulerit,
884 2101 959 2150 cum
995 2082 1142 2171 indagati

111 2171 254 2255 undique
273 2173 337 2239 cibi
355 2173 500 2257 coierint,
518 2194 586 2238 non
603 2174 774 2258 habebitis,
791 2174 848 2239 ubi
866 2174 946 2240 istos
965 2176 1142 2259 apparatus

78 2264 236 2326 svestros
255 2262 440 2327 conlocetis.
475 2262 552 2346 quid
570 2266 639 2328 tam
652 2264 756 2328 multa
769 2263 984 2348 conquiritis?
1017 2263 1143 2329 scilicet

47 2403 51 2415 ,
112 2349 250 2416 maiores
278 2351 396 2431 nostri,
426 2373 564 2436 quorum
591 2353 695 2419 virtus
719 2352 904 2419 etiamnunc
926 2351 1007 2417 vitia
1028 2355 1142 2418 nostra

113 2442 287 2524 sustentet,
314 2440 459 2507 infelices
482 2446 586 2526 erant,
616 2442 672 2526 qui
695 2441 758 2508 sibi
780 2463 880 2507 manu
902 2463 961 2507 sua
983 2440 1143 2527 parebunt
1159 2457 1184 2500 ss

112 2529 235 2613 cibum,
259 2529 375 2613 quibus
398 2534 485 2596 terra
503 2531 610 2597 cubile
629 2534 710 2615 erat,
734 2553 872 2616 quorum
890 2534 977 2597 tecte
994 2530 1141 2598 nondum

113 2639 191 2683 curo
215 2618 399 2704 fulgebant,
426 2641 566 2706 quorum
588 2621 711 2705 templa
731 2621 878 2687 nondum
901 2619 1038 2708 gemmis
1061 2619 1142 2686 nite

112 2708 205 2773 bant:
228 2707 338 2792 itaque
361 2712 441 2775 tnnc
463 2732 522 2795 per
544 2709 661 2777 fictiles
685 2710 762 2776 deos
785 2710 937 2798 religiose
959 2709 1143 2794 iurabatur3

114 2796 171 2882 qui
188 2796 264 2863 illos
281 2799 525 2884 invocaverant,
544 2800 586 2865 ad
603 2800 731 2865 hostem
745 2800 908 2885 morituri,
926 2821 968 2866 ne
981 2799 1143 2883 fallerent,

77 2899 94 2949 8
113 2885 270 2952 redibant.
315 2888 439 2954 scilicet
462 2888 569 2955 minus
591 2889 684 2955 beate
707 2889 837 2955 vivebat
860 2890 999 2956 dictstor
1020 2892 1143 2973 noster,
1160 2905 1185 2947 ω

115 2976 171 3060 qui
194 2973 391 3043 Samnitium
418 2979 545 3065 legatos
573 2978 677 3063 audit,
705 3000 779 3045 cum
807 2978 1003 3046 vilissimum
1031 2978 1142 3045 cibum

113 3065 149 3131 in
175 3066 249 3132 foco
277 3065 347 3151 ipse
374 3089 473 3133 manu
501 3091 559 3136 sua
586 3072 742 3152 versaret,
768 3069 838 3154 illa,
866 3091 930 3155 qua
957 3070 1023 3134 iam
1047 3089 1143 3154 saepe

204 3312 222 3366 ὅ
246 3312 373 3368 faucium
398 3314 468 3385 colu.
494 3314 572 3370 fauci
585 3316 614 3371 A
638 3315 648 3388 Η
673 3315 691 3370 o
713 3314 771 3370 illis
794 3316 863 3386 acts.
886 3306 973 3370 illiit
995 3314 1006 3388 ΙΙ
1030 3313 1049 3370 8
1072 3314 1143 3385 quid

114 3384 281 3439 mercaturis
299 3385 369 3456 cole.
388 3385 465 3454 quod
482 3388 664 3443 mercaturis
677 3388 706 3443 A
730 3386 738 3459 l·
750 3386 787 3442 2⁰
799 3385 935 3443 lambitis
947 3384 990 3442 A⁶
1026 3385 1144 3442 cesserit

93 3455 380 3602 gilazzast&
399 3455 416 3544 ,Η
443 3456 478 3512 21
505 3457 653 3591 {strowe
680 3387 761 3514 nilis
788 3460 853 3514 rett.
879 3459 949 3515 coni.
1009 3457 1115 3515 cutiae
1133 3456 1144 3530 ΙΙ

375 3547 405 3587 ur
424 3547 506 3590 mccc
