2438 3846
128 159 191 225 122
329 157 358 211 L.
374 155 517 210 ANNAEI
535 154 699 211 SENECAE
718 155 813 211 DIAL.
829 155 944 224 ain-v.

91 320 105 368 1
215 300 301 367 xffl.
345 300 461 388 Pugna
491 305 598 367 tecum
631 301 713 385 ipset
759 301 787 366 si
818 307 864 366 cis
895 301 1022 368 vincere
1055 302 1147 387 iram,

124 414 191 457 non
213 395 375 477 potestte
397 392 462 457 illa.
509 391 624 475 incipis
647 391 787 474 vincere,
817 391 845 456 si
867 391 1088 474 apsconditur,
1118 393 1147 458 si

125 482 174 545 illi
203 481 308 547 exitus
334 503 401 546 non
429 480 531 546 datur.
577 481 670 566 signa
697 480 765 545 eius
794 480 966 547 obruamus
998 485 1030 545 et
1054 482 1145 547 illam

126 574 282 657 quantum
310 571 381 636 fieri
407 574 516 656 potest
543 570 703 636 occultam
731 573 949 654 secretamque
970 574 1145 637 teneamus.

90 678 199 726 soum
223 682 341 745 magna
363 659 396 724 id
416 663 527 725 nostra
550 658 699 724 molestia
720 659 789 744 fiet,
813 660 903 744 eupit
925 660 1011 725 enim
1034 661 1146 726 exilire
1178 680 1191 722 s

125 753 158 815 et
180 748 349 816 incendere
381 750 492 814 oeulos
516 752 549 814 et
570 752 695 814 mutere
718 749 847 832 faciem3
877 749 932 814 sed
956 749 984 815 si
1006 749 1146 814 eminere

125 839 175 904 illi
203 841 293 904 extra
324 859 384 904 nos
414 838 524 920 licuit,
553 860 650 922 supra
672 859 732 903 nos
756 843 812 904 est.
859 838 893 903 in
915 840 981 904 imo
1005 839 1145 923 pectoris

53 987 55 992 .
126 948 252 994 secessu
270 926 463 992 recondatur
479 927 679 1011 feraturque,
701 949 769 991 non
786 928 882 1011 ferat3
900 928 999 992 immo
1019 928 1053 991 in
1072 949 1146 993 con-

125 1019 260 1083 trarium
279 1017 389 1082 omnia
406 1018 474 1082 eius
493 1016 612 1081 indicia
630 1017 809 1082 flectamus:
828 1017 937 1083 vultus
955 1018 1146 1102 remittatur,

125 1128 190 1171 vox
211 1107 316 1172 lenior
339 1106 396 1190 sit,
424 1106 543 1192 gradus
569 1106 701 1190 lentior,
734 1107 890 1191 paulatim
915 1128 987 1171 oum
1012 1107 1146 1172 exterio-
1165 1127 1193 1168 ro

90 1211 106 1260 3
125 1196 214 1262 ribus
237 1196 391 1261 interiora
413 1195 601 1261 formantur.
633 1196 669 1259 in
687 1193 819 1261 Socrate
842 1195 907 1259 irae
930 1196 1059 1282 signum
1079 1200 1147 1261 erat

125 1305 237 1351 vocem
257 1285 469 1368 summittere,
487 1285 579 1368 loqui
596 1284 733 1368 parcius.
764 1284 938 1375 apparebat
956 1288 1034 1351 tunc
1051 1285 1147 1350 illum

126 1374 188 1440 sibi
206 1378 341 1457 opstare.
378 1372 632 1459 deprendebatur
649 1374 757 1458 itaque
776 1396 795 1438 a
812 1372 1024 1440 familiaribus
1043 1378 1076 1438 et
1094 1395 1147 1440 co·

125 1462 332 1550 arguebatur,
358 1485 419 1529 neo
442 1466 510 1528 erat
531 1463 582 1527 illi
604 1463 808 1547 exprobratio
829 1463 988 1528 latitantis
1012 1464 1077 1528 irae
1100 1464 1147 1528 in·

127 1556 226 1638 grata.
277 1553 390 1636 quidni
423 1551 589 1638 gauderet,
620 1553 707 1636 quod
735 1552 816 1616 iram
848 1575 940 1618 suam
968 1553 1064 1617 multi
1100 1553 1146 1616 in-
1166 1572 1192 1613 rs

125 1642 331 1728 tellegerent,
351 1664 447 1707 nemo
471 1641 624 1707 sentiret?
664 1643 838 1707 sensissent
860 1645 984 1724 auteur,
1010 1641 1074 1707 nisi
1096 1642 1147 1708 ius
1166 1648 1168 1653 '

126 1732 238 1796 amicis
257 1731 449 1818 obiurgandi
468 1753 502 1797 se
521 1730 672 1814 dedisset,
695 1731 779 1796 siout
797 1732 865 1813 ipse
881 1731 946 1796 sibi
969 1732 1004 1795 in
1026 1731 1147 1797 amicos

90 1824 315 1905 csumpserat.
371 1824 492 1904 quanto
523 1820 626 1906 magis
658 1820 722 1885 hoo
749 1820 844 1885 nobis
877 1819 1060 1886 faciendum
1085 1821 1148 1885 esti

126 1931 276 1995 rogemus
295 1910 527 1976 amicissimum
547 1931 720 1994 quemque,
741 1912 779 1975 ut
796 1912 874 1976 tunc
897 1910 1036 1975 maxime
1053 1909 1147 1975 liber-

125 2003 191 2064 tate
215 1999 366 2065 adversus
392 2021 452 2066 nos
475 2002 599 2083 utatur,
626 2020 700 2064 cum
729 1998 860 2065 minime
888 1999 977 2064 illam
1000 2000 1070 2084 pati
1091 2021 1148 2082 po·
1166 2017 1194 2058 so

125 2089 273 2170 terimus,
302 2109 363 2154 neo
395 2088 592 2154 adsentiatur
621 2089 687 2152 irae
716 2091 862 2172 nostrae,
893 2091 1006 2153 contra
1032 2091 1147 2173 potens

126 2177 248 2242 malum
271 2181 304 2242 et
326 2182 405 2263 aput
425 2199 486 2243 nos
510 2178 704 2263 gratiosum,
734 2177 810 2241 duur
834 2176 1047 2261 oonsipimus,
1069 2176 1147 2242 dum

91 2280 107 2328 5
126 2267 231 2332 nostri
254 2288 378 2350 sumus,
402 2267 601 2332 advocemus.
651 2265 841 2350 quirinum
872 2267 955 2332 mele
977 2266 1086 2331 fersmt
1115 2270 1147 2331 et

126 2355 290 2422 ebrietatis
320 2378 397 2421 suae
426 2355 639 2421 temeritatem
673 2378 711 2420 ao
741 2356 955 2439 petulantiam
988 2358 1147 2439 metuunt,

126 2443 281 2510 mandant
307 2445 389 2528 suis,
421 2449 459 2510 ut
481 2467 499 2510 e
527 2446 676 2510 convivio
705 2445 904 2528 auferantur3
934 2439 1147 2530 intemperan'
1166 2462 1193 2503 2⁵

125 2534 205 2600 tiam
237 2534 272 2599 in
301 2535 415 2600 morbo
447 2556 538 2599 suam
566 2534 690 2618 experti
712 2555 822 2618 parere
849 2534 929 2618 ipsis
959 2534 993 2599 in
1016 2533 1149 2600 adversa

92 2638 107 2686 6
125 2623 309 2689 valetudine
327 2627 444 2688 vetant.
474 2624 634 2708 optimum
652 2626 701 2689 est
718 2624 805 2688 notis
823 2622 911 2687 vitiis
930 2622 1149 2707 inpedimenta

126 2712 310 2797 prospicere
344 2716 376 2777 et
406 2715 480 2777 ants
508 2713 617 2777 omnia
639 2713 685 2777 ita
707 2733 899 2796 componere
922 2713 1066 2777 animum
1073 2760 1083 2794 ,
1110 2715 1149 2776 ut

86 2925 88 2931 -
217 2885 233 2941 1
258 2886 396 2942 siuineere
419 2887 490 2942 iram
514 2903 571 2941 non
593 2888 695 2956 potest.
730 2888 759 2941 te
778 2885 829 2941 illa
847 2887 949 2956 incipit
966 2887 1088 2942 uincere.
1123 2887 1148 2941 si

128 2957 374 3086 curtat
388 2958 769 3086 tau-stetu:
781 2965 880 3084 3⁰⁰3?
903 2960 1146 3085 tdssssbb'S

127 3046 376 3169 Incipisprvinoera
400 3101 425 3156 si
447 3047 639 3156 absydoridqiutur.
669 3071 817 3157 'Rossbach
836 3047 1000 3157 mabadu’m
1017 3105 1106 3155 emet
1124 3069 1148 3153 si

128 3172 167 3239 (et
185 3171 220 3240 si)
238 3188 263 3224 r.
279 3172 297 3226 i.
313 3188 369 3225 non
386 3173 481 3241 potes,
500 3188 557 3225 non
574 3173 669 3241 potest
687 3173 716 3226 te
734 3170 794 3225 illa.
826 3171 929 3240 incipis
951 3187 1003 3240 epe.
1026 3170 1037 3242 Η
1062 3169 1077 3224 7
1101 3185 1147 3224 ex·

127 3242 224 3295 tranos
241 3240 331 3296 licuit.
365 3259 450 3312 supra
468 3259 519 3297 nos
537 3242 627 3299 licuit.
661 3258 747 3312 supra
764 3259 814 3297 nos
834 3245 877 3297 est
894 3242 938 3309 A;
959 3241 1042 3297 verbu
1061 3255 1148 3308 supra

128 3328 178 3366 nos
192 3312 274 3368 licuit
283 3316 397 3384 parcetis
410 3320 507 3370 notato
516 3321 661 3383 practerea
675 3314 749 3369 linea
759 3314 914 3383 perforavit
923 3311 965 3368 A’
973 3312 983 3385 Η
996 3311 1032 3367 1⁰
1045 3308 1148 3366 lentior

128 3385 155 3439 L
172 3390 204 3442 ut
221 3386 290 3457 coty.
304 3385 395 3440 lenior
408 3387 436 3442 A
453 3384 465 3459 tt
482 3385 516 3441 17
532 3385 746 3456 obiurgandisse
766 3385 890 3441 dedisset
907 3391 939 3440 ut
952 3385 1006 3440 oid.
1021 3383 1064 3440 Αι
1076 3399 1146 3439 corr.

127 3456 169 3511 A⁵
186 3456 249 3528 1121
268 3460 367 3512 contra
384 3460 485 3527 poteus
502 3459 598 3513 Marce
616 3460 766 3512 carmanos
784 3460 884 3527 potens
898 3458 926 3512 A
944 3456 954 3528 d
971 3455 1007 3511 22
1026 3454 1147 3524 conripi-

112 3541 183 3578 mus
201 3528 318 3584 &onoc
335 3535 364 3586 ct
378 3529 501 3602 Bentley
519 3529 707 3599 conspicimus
721 3528 749 3583 A
