2438 3846
399 607 439 679 E.
458 606 652 681 AENAEI
675 607 896 682 sEEEer
931 699 939 717 ‚

214 783 691 885 DIALOGORVM
718 784 933 886 LIBER
960 788 1078 889 XII.

470 958 513 1000 nn
527 958 674 1000 nEEvmn
687 959 822 1001 mesenus

414 1147 416 1151 ¹
440 1083 493 1138 DE
515 1081 852 1139 EONSOEAEIONE.

100 1375 115 1423 1
223 1353 247 1421 Ι.
285 1353 388 1440 Saepe
415 1353 493 1440 iam,
521 1358 623 1420 maier
650 1355 789 1439 optima,
810 1354 967 1441 impetum
991 1359 1063 1445 eepi
1086 1381 1161 1427 oon·

107 1481 109 1486 .
135 1445 261 1510 solandi
293 1448 339 1529 le,
370 1465 465 1529 saepe
497 1443 651 1511 continui.
708 1447 746 1509 ut
777 1444 941 1532 auderem,
972 1448 1078 1514 mulla
1109 1472 1161 1517 me

134 1534 345 1620 inpellebeni:
382 1533 524 1619 primum
561 1534 693 1599 videbar
729 1533 934 1619 depositurus
971 1538 1083 1604 omnia
1113 1538 1161 1605 in·

135 1623 318 1708 eommoda,
355 1644 444 1689 oum
465 1623 614 1689 lacrimas
646 1628 732 1706 luas,
769 1624 865 1689 etiem
898 1625 927 1690 si
959 1627 1161 1712 supprimere

134 1712 932 1869 {delirealilleffildiiliid
953 1714 1160 1873 {illud
1188 1735 1200 1777 ⁸

135 1892 209 1957 dam
232 1895 279 1977 te,
306 1892 334 1958 si
356 1891 446 1977 prior
468 1891 538 1975 ipse
561 1892 847 1976 consurrexissem
876 1897 1042 1977 praeterea
1068 1895 1161 1963 lime·

133 1983 222 2066 bam,
244 2004 286 2048 ne
310 2004 329 2046 a
351 2002 404 2046 me
425 1980 512 2046 vieta
530 1980 661 2046 fortuna
679 1981 820 2065 aliquem
838 2003 985 2048 meorum
1004 1985 1161 2053 vinearelz

134 2071 244 2156 iieque
272 2074 449 2154 ulonmque
480 2070 619 2136 oonabar
647 2091 746 2135 manu
776 2092 873 2154 super
899 2073 1031 2159 plegem
1053 2094 1160 2141 meam

100 2178 116 2227 2
135 2159 276 2244 inposita
299 2158 339 2224 ad
363 2158 537 2247 obliganda
558 2159 691 2224 volnera
708 2162 815 2225 vestra
832 2163 968 2244 reptare.
1005 2160 1071 2229 hoe
1087 2184 1160 2249 pro·
1176 2180 1199 2225 u

135 2249 277 2334 positum
308 2270 415 2314 meum
447 2252 539 2314 erant
565 2271 676 2315 rursus
705 2248 1025 2335 quaerendumne
1055 2250 1161 2319 dolori

134 2342 206 2423 tuo,
238 2337 315 2403 dum
345 2358 456 2405 reeens
487 2339 635 2419 saeviret,
665 2338 805 2404 seiebam
833 2339 1066 2407 oeourrendum
1094 2362 1161 2409 non

135 2449 217 2512 esse,
249 2449 290 2493 ne
319 2428 413 2493 illum
443 2427 514 2512 ipsa
544 2428 664 2495 solaoia
692 2428 863 2494 irritarent
889 2433 923 2496 ei
949 2429 1161 2499 aooenderent

135 2553 180 2563 -
201 2539 278 2581 nem
301 2516 336 2582 in
358 2517 479 2583 morbis
504 2539 633 2603 quoque
656 2517 739 2583 nihil
760 2521 809 2591 est
826 2517 1038 2604 pernieiesius
1062 2541 1160 2605 quam
1184 2562 1187 2567 >

135 2605 308 2671 immatura
336 2603 494 2672 medicine
516 2630 574 2670 -z
605 2607 814 2691 expendebam
836 2608 960 2694 itaque,
989 2607 1067 2674 dum
1090 2610 1160 2697 ipse
1175 2624 1198 2669 a

134 2695 218 2761 vires
251 2717 325 2762 suas
358 2696 520 2782 frangeret
548 2700 582 2761 et
611 2698 652 2762 ad
682 2696 869 2762 sustinenda
898 2697 1040 2764 remedia
1069 2720 1161 2766 mora

134 2785 301 2870 mitigatus
324 2785 416 2870 tangi
437 2807 470 2850 se
489 2806 527 2851 ae
544 2786 676 2851 tractari
694 2789 865 2870 pateretur.
902 2791 1067 2872 praeterea
1085 2810 1160 2856 enm

136 2874 244 2939 omnia
274 2874 527 2940 clarissimorum
555 2873 759 2960 ingeniorum
787 2876 987 2942 monimenta
1003 2877 1051 2943 'ed
1073 2898 1161 2944 eom-

135 2963 311 3048 pesoendos
335 2962 611 3047 moderandosque
635 2965 742 3029 lucius
766 2966 947 3051 composita
969 2966 1160 3051 evolverem,

134 3074 201 3118 non
230 3052 432 3119 inveniebam
462 3055 646 3138 exemplum
677 3054 760 3137 eius,
790 3055 846 3139 qui
874 3055 1059 3120 consolatus
1083 3077 1160 3122 suos
1175 3070 1199 3115 ¹⁰

99 3146 231 3228 resset,
255 3164 329 3208 eum
352 3143 422 3227 ipse
445 3142 486 3207 ab
509 3142 574 3208 illis
598 3144 865 3229 comploreretur:
892 3144 939 3208 ila
960 3144 996 3210 in
1016 3165 1052 3210 re
1075 3167 1161 3212 nova

223 3300 242 3355 4
260 3316 420 3370 supremere
439 3303 467 3358 A
488 3301 499 3375 ll
522 3300 556 3356 11
576 3303 658 3356 erant
671 3300 714 3357 Α1
731 3302 779 3357 sed
796 3301 918 3357 rodendo
937 3318 1006 3358 corr.
1020 3303 1053 3357 in
1071 3301 1158 3375 eret!

133 3373 217 3427 nubo
239 3372 294 3428 duo
317 3372 408 3426 dolori
430 3376 480 3429 tuo
502 3379 566 3444 post
589 3373 711 3428 saeviret
732 3375 765 3428 iu
783 3376 811 3428 A
828 3375 967 3431 derantur
990 3372 1002 3447 ll
1025 3372 1062 3429 21
1085 3391 1161 3430 eom·

115 3441 257 3507 ploratur
267 3444 315 3501 ΑΙ
331 3461 403 3502 corr.
418 3462 454 3504 m.
470 3448 552 3503 1-2
