2438 3846
398 213 447 266 DE
466 212 531 266 IRA
549 212 615 267 LIB.
631 212 664 266 II.
699 211 775 267 OAP.
793 218 826 266 10
1080 217 1121 281 81

101 360 185 425 tiens
220 358 384 444 prodierat
417 362 449 423 et
480 361 608 423 tantum
640 359 725 423 circa
757 380 790 423 se
823 359 905 423 male
938 359 1124 442 viventium,

102 450 201 514 immo
238 448 322 513 male
358 448 561 532 pereuntium
598 447 735 532 viderat,
770 446 882 530 flebat,
916 448 1125 514 miserebatur

102 538 260 620 omnium,
293 537 349 622 qui
382 537 443 602 sibi
475 537 551 601 laeti
584 537 756 621 felicesque
793 537 1016 620 occurrebant,
1053 539 1124 603 miti

102 628 225 710 enimc,
255 627 309 690 sed
339 627 435 690 nimis
466 626 629 691 inbecillo:
658 630 690 690 et
713 627 782 709 ipse
805 626 889 690 inter
911 625 1123 709 deplorandos

71 720 178 780 serat.
217 714 439 780 Democritum
463 719 576 779 contra
598 715 689 779 aiunt
710 735 888 797 numquam
912 715 979 778 sine
1002 716 1069 779 risu
1090 717 1124 779 in

46 862 50 869 .
102 804 233 889 publico
261 805 374 888 fuisse3
402 804 480 868 adeo
504 803 587 868 nihil
610 803 658 867 illi
681 803 851 867 videbatur
873 804 990 868 serium
1014 825 1124 869 eorum

103 915 184 977 quae
215 895 297 957 serio
326 894 526 978 gerebantur.
577 892 632 956 ubi
656 892 730 957 istic
752 891 818 956 irae
840 893 930 957 locus
954 894 1023 958 est?
1069 897 1126 959 aut

102 981 235 1046 ridenda
258 983 367 1047 omnia
388 986 444 1047 aut
466 981 572 1046 flenda
595 984 678 1046 sunt.
724 1003 790 1047 non
817 981 972 1046 irascetur
998 983 1124 1065 sapiens
1143 999 1159 1049 o

103 1072 324 1154 peccantibus:
343 1071 463 1155 quare?
495 1071 571 1155 quia
589 1071 652 1136 scit
668 1070 829 1137 neminem
844 1071 934 1135 nasci
949 1072 1125 1155 sapientem

59 1183 86 1222 ιο
103 1160 159 1224 sed
181 1161 265 1243 fieri,
288 1161 350 1225 scit
372 1160 584 1244 paucissimos
606 1160 694 1224 omni
713 1181 790 1224 aevo
811 1160 965 1243 sapientis
984 1160 1126 1244 evadere,

103 1249 180 1332 quia
211 1248 434 1314 condicionem
466 1250 625 1313 humanae
661 1249 747 1313 vitae
783 1253 983 1332 perspectam
1016 1250 1126 1334 habet,

102 1359 197 1402 nemo
230 1342 337 1402 autem
368 1341 502 1402 naturae
535 1359 630 1401 sanus
663 1337 818 1402 irascitur.
867 1337 944 1422 quid
971 1339 1071 1422 enim,
1098 1339 1125 1404 ai

103 1427 213 1491 mirari
240 1427 319 1491 velit
346 1448 412 1490 non
439 1427 473 1490 in
496 1426 695 1491 silvestribus
720 1426 824 1491 dumis
847 1449 945 1510 poma
967 1427 1126 1510 pendere?

104 1514 195 1599 quid,
233 1516 259 1579 si
292 1516 426 1580 miretur
457 1516 583 1600 spineta
615 1518 783 1599 sentesque
815 1537 881 1579 non
913 1516 986 1579 utili
1018 1517 1127 1600 aliqua

59 1627 85 1667 aa
102 1605 195 1690 fruge
228 1605 405 1688 compleri?
457 1626 551 1669 nemo
584 1605 745 1688 irascitur,
777 1605 833 1668 ubi
864 1603 980 1669 vitium
1012 1608 1126 1670 natura

104 1693 253 1758 defendit.
300 1694 445 1777 placidus
473 1694 581 1777 itaque
607 1694 734 1776 sapiens
757 1697 791 1758 et
813 1716 933 1778 aequus
957 1695 1160 1778 erroribus?

103 1805 169 1848 non
192 1784 296 1847 hostis
320 1783 374 1847 sed
398 1786 560 1848 corrector
582 1781 798 1866 peccantium,
821 1784 885 1848 hoc
903 1783 1035 1848 cottidie
1053 1805 1126 1867 pro-

105 1871 189 1936 cedit
212 1872 333 1936 animo:
366 1871 477 1937 ‘multi
500 1871 580 1936 mihi
605 1875 774 1936 occurrent
795 1873 871 1936 vino
896 1871 1009 1953 dediti,
1032 1872 1126 1936 multi

104 1959 282 2044 libidinosi,
305 1961 399 2026 multi
418 1961 551 2046 ingrati,
570 1960 666 2025 multi
683 1961 785 2044 avari,
803 1961 898 2025 multi
916 1960 1009 2024 furiis
1028 1960 1126 2025 ambi-

59 2072 87 2112 ao
104 2049 203 2115 tionis
227 2049 361 2134 agitati'
399 2051 507 2114 omnia
530 2051 592 2115 ista
610 2055 677 2114 tam
696 2050 857 2134 propitius
876 2049 1010 2133 aspiciet
1029 2071 1126 2133 quam

106 2160 218 2223 aegros
251 2160 325 2203 suos
359 2138 509 2203 medicus.
554 2139 712 2222 numquid
742 2138 810 2222 ille,
840 2139 931 2204 cuius
960 2139 1161 2224 navigium8

106 2227 240 2291 multam
258 2226 400 2311 undique
418 2226 534 2292 laxatis
553 2227 753 2312 conpagibus
768 2249 884 2311 aquam
898 2227 1007 2311 trehit,
1019 2227 1125 2291 nautis

106 2315 232 2399 ipsique
254 2316 385 2401 navigio
409 2316 579 2381 irascitur?
617 2316 758 2381 occurrit
780 2316 888 2400 potius
909 2318 941 2380 et
960 2316 1055 2380 alium
1074 2337 1126 2380 ex·

50 2422 51 2426 ’
106 2404 208 2468 cludit
236 2405 368 2483 undam,
397 2406 493 2469 aliam
522 2405 637 2490 egerit,
664 2405 834 2469 manifesta
857 2403 1015 2469 foramina
1037 2426 1126 2488 prae-

60 2513 87 2554 es
106 2494 221 2577 cludit,
253 2493 426 2558 latentibus
456 2498 489 2558 et
518 2516 558 2559 ex
588 2493 715 2558 occulto
748 2494 905 2558 sentinam
938 2493 1126 2558 ducentibus

106 2582 215 2646 labore
234 2583 387 2647 continuo
406 2583 535 2666 resistit,
553 2604 613 2647 nec
631 2582 702 2646 ideo
721 2582 916 2665 intermittit,
933 2582 1010 2666 quia
1029 2604 1126 2666 quan-

106 2675 177 2735 tum
200 2672 390 2736 exhaustum
414 2674 463 2736 est
485 2671 695 2736 subnascitur.
740 2671 829 2736 lento
858 2671 1016 2736 adiutorio
1045 2692 1126 2755 opus

90 2764 156 2823 est
178 2762 291 2824 contra
313 2761 399 2825 mala
422 2760 575 2826 continua
598 2765 630 2825 et
652 2760 802 2843 fecunda,
823 2782 890 2824 non
913 2764 950 2824 ut
972 2760 1127 2844 desinant,

108 2848 162 2912 sed
185 2871 225 2912 ne
249 2848 386 2912 vincant.

199 3005 212 3058 7
237 3003 287 3058 ubi
314 3005 379 3059 istic
407 3005 466 3059 irae
493 3004 572 3060 locus
595 3007 751 3061 Pincianus
774 3004 825 3060 ubi
847 3005 976 3062 isticcine
1001 3005 1079 3060 locus
1099 3008 1127 3062 A

108 3075 197 3144 (ccine
221 3078 254 3130 iu
278 3093 333 3130 ras.
355 3076 397 3130 A⁶
421 3093 470 3131 uec
494 3077 563 3145 quid
584 3083 668 3131 autea
684 3078 770 3144 fucrit
791 3080 916 3148 apparet)
939 3077 1067 3132 isticcine
1086 3078 1127 3132 ire

107 3146 185 3201 locus
204 3149 247 3201 est
265 3145 315 3201 ubi
335 3149 385 3201 aut
403 3147 522 3201 ridenda
540 3149 567 3202 L
592 3147 602 3220 tt
626 3147 663 3202 lo
685 3148 758 3215 fieri,
785 3147 838 3202 scit
862 3155 931 3203 recte
955 3150 1129 3218 interquiescit

108 3218 207 3284 Genu
230 3220 313 3288 volpe
330 3219 399 3273 fieri.
419 3219 473 3274 scit
494 3218 505 3291 t
527 3218 561 3273 17
581 3235 607 3286 s3
627 3221 767 3274 corrector
784 3221 963 3288 peccantium
978 3222 1006 3275 A
1025 3221 1128 3290 (annia

107 3306 192 3358 usque
210 3290 285 3358 adp
304 3292 336 3344 s'u
353 3307 409 3345 raa.
424 3290 475 3359 11⁵)
495 3307 521 3357 s;
541 3292 685 3359 correptor
703 3307 730 3359 p.
750 3291 777 3344 L
798 3291 801 3361 t
823 3290 941 3345 cottidie
958 3298 991 3346 ut
1007 3291 1063 3346 oid.
1078 3291 1128 3358 A¹‚

106 3361 230 3416 radmdo
248 3377 315 3416 corr.
330 3363 362 3416 iu
381 3362 450 3416 coti·
471 3362 475 3433 1
496 3360 630 3431 procedet
648 3362 750 3417 mavolt
768 3361 852 3417 Gertz
873 3361 883 3434 Η
908 3363 945 3417 20
963 3362 1083 3431 aspiciet
1100 3364 1128 3417 A

107 3431 246 3500 aspiciam
260 3435 330 3487 coni.
345 3433 462 3503 Lipsius
474 3433 559 3487 multi
572 3432 627 3487 tibi
641 3435 789 3488 occurrent
799 3476 805 3488 .
817 3477 823 3488 .
836 3477 842 3487 .
853 3434 993 3503 propitius
1008 3434 1128 3502 aspicies
1201 3449 1204 3456 ·

107 3503 169 3558 Jou.
186 3503 292 3558 Multae
322 3504 326 3574 t
350 3503 384 3558 21
408 3503 553 3574 navigium
572 3505 599 3558 L
622 3510 649 3559 ct
667 3505 738 3576 uotq.
755 3504 949 3574 nautrag’xum
968 3506 998 3557 A
1009 3502 1096 3570 W&
1116 3503 1153 3547 a,

109 3575 172 3642 (per
189 3590 246 3629 com
319 3576 387 3646 ium)
405 3576 438 3632 in
455 3593 513 3633 ras.
534 3575 576 3634 Ab

151 3677 482 3734 sansanctissimae.
493 3691 630 3736 Hermes.
665 3721 668 3727 i
948 3681 971 3727 ἦ
