2438 3846
113 180 179 246 258
309 178 340 232 L.
354 175 498 232 ANNAEI
516 175 681 232 SENECAE
699 176 794 232 DIAL.
809 176 876 232 LIB.
891 176 937 232 IX.

113 346 132 389 a
164 323 394 408 cupiditatibus
426 323 602 410 ,eligemus3
639 326 774 408 serpunt
805 323 892 387 enim
925 321 1005 387 vitia
1037 325 1070 387 et
1102 323 1140 388 in

112 413 296 498 proximum
337 433 498 497 quemque
532 412 719 478 transiliunt
754 415 786 477 et
823 415 974 477 contactu
1009 415 1138 477 nocent

76 522 93 570 s
111 503 221 586 itaque
244 501 514 586 quemadmodum
537 501 572 566 in
593 501 779 586 pestilentia
801 502 978 567 curandum
1001 503 1065 584 est,
1095 523 1138 566 ne

112 592 268 676 correptis
303 591 368 656 iam
405 591 594 676 corporibus
626 595 660 656 et
691 591 804 656 morbo
837 589 1049 677 flagrantibus
1082 590 1137 655 ad·

112 681 286 766 sideamus,
310 681 386 765 quia
408 681 552 764 pericula
569 681 734 771 trahemus
753 679 938 764 adflatuque
955 680 1028 765 ipso
1047 679 1137 745 labo
1170 701 1183 743 s

110 770 267 854 rabimus,
297 770 344 836 ita
375 770 410 834 in
442 770 619 836 amicorum
645 769 790 857 legendis
818 768 957 856 ingeniis
988 769 1136 834 dabimus

112 882 255 944 operam,
284 864 321 925 ut
344 880 441 943 quam
465 858 596 924 minime
618 859 804 943 inquinatos
828 859 1048 923 adsumamus:
1076 857 1136 922 ini·

110 949 194 1014 tium
221 948 326 1014 morbi
349 952 399 1014 est
421 949 526 1035 aegris
550 970 629 1015 sana
651 947 793 1013 miscere.
839 969 899 1013 neo
921 948 986 1013 hoc
1008 968 1136 1032 praece-

110 1039 215 1123 perim
246 1039 321 1122 tibi,
353 1042 391 1103 ut
417 1037 579 1103 neminem
606 1037 672 1103 nisi
699 1037 878 1122 sapientem
906 1038 1051 1121 sequaris
1079 1040 1137 1102 aut

111 1127 275 1212 adtrahas3
304 1127 362 1193 ubi
389 1129 475 1193 enim
498 1128 597 1193 istum
620 1128 778 1211 invenies,
806 1148 902 1210 quem
925 1130 976 1191 tot
999 1127 1135 1192 saeculis
1155 1148 1182 1188 u

75 1234 91 1282 5
111 1217 316 1301 quaerimus?
343 1238 403 1302 pro
419 1215 543 1302 optimo
558 1218 601 1282 sit
614 1216 747 1282 minime
762 1217 880 1282 malusl
907 1217 964 1280 rix
976 1216 1038 1281 tibi
1052 1219 1137 1281 esset

109 1305 247 1372 facultas
261 1306 398 1372 dilectus
412 1305 574 1390 felicioris,
589 1305 617 1371 si
629 1305 715 1371 inter
728 1305 881 1370 Platonas
896 1309 929 1371 et
939 1303 1136 1389 Xenophon-

109 1401 159 1460 tas
179 1399 211 1461 et
229 1396 322 1461 illum
343 1393 499 1462 Socratici
517 1394 602 1460 fetus
620 1399 815 1479 proventum
832 1396 936 1461 bonos
958 1416 1136 1479 quaereres,

110 1488 166 1550 aut
184 1486 213 1550 si
226 1485 287 1550 tibi
300 1488 442 1569 potestas
458 1483 652 1550 Catonianae
666 1486 758 1550 fieret
772 1485 899 1567 aetatis,
918 1506 1001 1568 quae
1014 1484 1136 1569 pleros·

111 1595 173 1657 que
192 1574 307 1661 dignos
325 1574 415 1659 tulit,
439 1573 495 1657 qui
514 1572 644 1640 Catonis
664 1575 791 1640 saeculo
810 1578 1019 1639 nascerentur
1037 1572 1137 1660 (sIcut
1155 1593 1181 1635 rs

109 1664 230 1728 multos
268 1662 393 1747 peiores
427 1684 524 1746 quam
555 1685 710 1747 umquam
743 1664 822 1728 alias
855 1663 1136 1748 maximorumque

109 1752 275 1818 molitores
299 1752 470 1836 scelerum3
498 1755 634 1836 utraque
657 1753 743 1818 enim
766 1753 863 1818 turba
886 1773 968 1837 opus
992 1755 1075 1836 erat,
1098 1756 1136 1817 ut

69 1889 70 1893 ,
110 1839 189 1907 (lato
217 1845 328 1927 posset
354 1841 514 1928 intellegi:
540 1843 658 1908 habere
682 1841 793 1908 debuit
816 1844 848 1907 et
870 1842 989 1925 bonos,
1017 1841 1135 1926 quibus

109 1953 143 1996 se
170 1931 378 2014 adprobaret,
406 1934 439 1995 et
461 1931 579 2015 malos,
607 1931 781 2016 inquibus
804 1931 872 1996 vim
896 1952 988 1996 suam
1012 1933 1135 2015 experi-

74 2015 225 2106 eretur):
255 2041 343 2085 nunc
374 2041 450 2085 vero
482 2020 518 2084 in
549 2024 641 2086 tanta
671 2021 832 2087 bonorum
860 2025 1003 2107 egestate
1026 2021 1134 2086 minus
1154 2040 1181 2080 so

108 2108 276 2173 fastidiosa
299 2109 357 2172 fiat
379 2108 503 2175 electio.
540 2111 713 2195 praecipue
736 2115 846 2175 tamen
863 2111 1008 2176 vitentur
1025 2109 1135 2175 tristes

108 2201 141 2262 st
164 2197 273 2261 omnia
296 2197 514 2284 deplorantes,
539 2200 655 2283 quibus
678 2201 769 2266 nulla
791 2221 859 2265 non
882 2221 979 2266 causa
1001 2200 1036 2264 in
1058 2221 1135 2284 que

105 2286 203 2368 rellas
235 2285 350 2370 placet.
396 2292 523 2365 constet
554 2289 604 2353 illi
633 2289 711 2355 licet
737 2289 817 2354 fides
846 2292 879 2354 et
906 2288 1134 2372 benivolentia,

107 2375 336 2478 tranquillitati
361 2379 471 2442 tamen
493 2378 644 2445 inimicus
668 2381 717 2444 est
740 2399 847 2444 comes
868 2379 1079 2463 perturbatus
1103 2381 1135 2443 et

108 2486 217 2530 omma
240 2486 382 2551 gemens.
1154 2487 1181 2527 aa

73 2589 86 2636 1
197 2569 284 2637 VIII.
321 2572 534 2642 Transeamus
564 2576 605 2640 ad
633 2569 841 2659 patrimonia,
871 2576 1046 2640 maximam
1076 2575 1134 2640 hu-

106 2683 274 2726 manarum
305 2684 531 2738 aerumnarum
562 2661 744 2749 materiam3
771 2686 849 2729 uam
880 2664 906 2730 si
938 2664 1048 2730 omnia
1071 2663 1135 2729 alia

107 2751 224 2834 quibus
234 2751 384 2838 angimur
398 2774 579 2838 compares,
596 2758 732 2838 mortes,
749 2754 1002 2840 aegrotationes,
1016 2756 1132 2838 metus,

107 2840 275 2924 desideria,
312 2842 461 2907 dolorum
498 2843 710 2928 laborumque
744 2844 949 2928 patientiam,
987 2864 1061 2909 cum
1094 2842 1134 2909 iis

107 2950 188 3012 qnae
217 2930 311 2995 nobis
342 2933 428 2997 mala
457 2933 595 3017 pecunia
626 2937 738 2999 nostra
770 2932 914 3018 exbibet,
946 2933 1026 2998 haec
1059 2953 1134 3016 pars
1154 2951 1182 2992 ω

70 3019 245 3084 umultum
273 3021 507 3108 praegravabit.
553 3023 663 3107 itaque
686 3022 895 3110 cogitandum
919 3024 983 3106 est,
1012 3026 1134 3106 quanto

194 3194 212 3249 3
230 3196 328 3265 itaque
347 3197 586 3267 quemadmodum
608 3199 708 3267 scripsi
727 3199 786 3253 coll.
800 3198 870 3268 dial.
885 3198 913 3252 V
928 3201 984 3264 5,1
1007 3196 1083 3266 itaq,
1101 3199 1135 3250 ut

105 3265 181 3335 quod
195 3269 223 3321 A
241 3266 339 3336 itaque
357 3271 391 3323 ut
408 3271 476 3339 sulp.
501 3269 599 3337 itaque
617 3270 650 3323 ut
668 3268 813 3338 quondam
831 3267 914 3323 Getta
934 3268 1034 3337 itaque
1051 3271 1086 3322 ut
1103 3267 1135 3321 id

105 3338 265 3408 Petschenig
282 3339 381 3408 itaque
398 3342 432 3394 ut
450 3341 481 3394 in
499 3344 570 3410 pest.
591 3355 703 3408 qnoque
723 3340 816 3395 Hense
838 3338 848 3410 ll
870 3339 907 3394 1⁰
925 3339 1002 3393 istud
1017 3341 1046 3395 A
1064 3355 1133 3394 corr.

103 3410 172 3480 vulp.
196 3409 206 3483 Η
230 3409 265 3465 11
285 3411 323 3465 sit
343 3410 425 3467 Gertz
444 3414 488 3466 est
505 3414 533 3466 A
556 3411 566 3484 tt
590 3410 627 3466 23
644 3410 689 3465 illi
702 3413 731 3467 A
749 3408 807 3465 illis
821 3411 996 3481 Wesenberg,
1015 3410 1065 3466 sed
1082 3410 1133 3477 cfr.

93 3482 217 3535 semem
241 3483 369 3539 ordinem
394 3485 538 3539 uerborum
562 3484 594 3538 in
618 3499 678 3553 cap.
697 3487 756 3550 3,1
781 3488 849 3538 extr.
875 3481 886 3556 ΙΙ
909 3481 946 3537 80
969 3480 1066 3537 exibet
1084 3482 1134 3550 A¹,

77 3549 294 3614 adfflrralr'anrb
308 3557 426 3626 ragnum
448 3548 554 3626 J-sadd.
570 3573 591 3614 ε.
607 3573 632 3614 s.
647 3556 713 3626 fort.
728 3553 769 3612 A·
