2438 3846
91 137 159 205 264
290 133 916 192 uANNfflssNEcAnnmu.n113.1X.
982 156 985 162 ·

91 280 170 352 feeit
191 281 410 347 habitabilem.
447 281 564 348 adhibe
581 281 739 347 rationem
758 279 1020 347 difficultatibus:
1041 301 1115 365 pos-

92 372 168 436 sunt
197 373 230 436 et
257 371 337 435 dura
363 371 484 437 molliri
506 374 539 437 et
562 374 699 457 angusta
720 371 824 436 laxari
847 373 880 435 et
902 369 1013 456 grevia
1035 370 1116 435 saite

56 460 223 525 eserentis
246 460 354 525 minus
372 482 525 546 premere.
560 482 628 527 non
646 463 722 525 sunt
739 463 904 545 praeterea
921 458 1116 543 cupiditates

91 548 126 613 in
148 546 365 635 longinquum
394 550 583 634 mittendae,
615 549 728 614 sedin
750 549 894 616 vicinum
916 548 982 613 illis
1005 548 1116 635 egredi

91 638 330 722 permittamus,
357 639 511 723 quoniam
538 638 661 705 ineludi
687 660 728 704 ex
754 641 825 703 toto
848 659 916 703 non
937 637 1116 722 patiuntur.
1148 656 1162 698 s

90 726 211 792 relietis
244 727 286 811 is,
319 748 401 812 qnae
433 733 490 794 aut
517 749 584 793 non
607 729 745 812 possunt
767 727 838 792 fieri
861 731 918 792 aut
941 726 1116 793 diffioulter

91 819 241 900 possunt,
258 838 361 901 prope
379 819 486 902 posita
504 817 637 902 speique
656 821 785 882 nostrus
804 816 989 881 adludentia
1003 836 1116 901 sequa

92 905 558 1061 ttettstttttt
580 906 898 1079 {dimittit}
917 905 1117 1061 wit

550 1045 558 1078 ,
1004 1045 1010 1059 .

92 1082 291 1148 invideamus
322 1085 419 1150 altius
449 1086 622 1150 stantibus:
652 1106 733 1168 quae
763 1085 889 1150 excelse
916 1083 1163 1167 videbantur,1o

57 1187 74 1236 o
92 1176 265 1257 praempte
283 1176 366 1239 sunt.
403 1174 452 1259 illi
470 1177 594 1255 rursus,
613 1194 694 1257 quos
713 1194 782 1239 sors
800 1174 913 1257 iniqua
930 1172 965 1237 in
983 1173 1118 1258 aneipiti

38 1296 40 1302 ·
92 1261 215 1345 posuit,
237 1263 373 1327 tutiores
397 1267 491 1328 erunt
514 1262 698 1346 superbiam
721 1262 918 1328 dettahendo
944 1262 1039 1328 rebus
1059 1284 1118 1347 per

93 1370 127 1414 se
155 1351 300 1434 superbis
324 1355 356 1416 et
379 1352 542 1417 fortunam
565 1374 656 1416 suam
680 1372 777 1435 quam
800 1353 940 1416 maxime
963 1355 1118 1436 potemmt

93 1437 128 1502 in
145 1439 287 1522 planum
298 1439 478 1506 deferendo.
515 1441 610 1505 multi
625 1440 754 1524 quidem
769 1445 859 1525 sunt,
878 1441 999 1525 quibus
1009 1462 1117 1507 neees-

93 1527 177 1592 sario
195 1527 391 1594 haerendum
411 1529 505 1595 sitin
523 1529 654 1614 fastigio
674 1550 748 1611 suo,
765 1550 806 1594 ex
820 1550 884 1612 quo
897 1551 966 1594 non
979 1534 1118 1614 possunt
1136 1547 1163 1590 ιε

92 1615 157 1680 nisi
175 1616 317 1682 cadendo
336 1617 539 1700 descendam,
558 1617 614 1683 sed
632 1618 695 1684 hoo
713 1619 821 1702 ipsum
839 1622 1000 1684 testentur
1016 1619 1118 1683 maxi-

94 1726 183 1769 mum
207 1727 288 1771 onus
312 1728 407 1772 suum
426 1728 509 1790 esse,
532 1706 619 1791 quod
638 1707 709 1771 aliis
729 1727 842 1792 graves
862 1728 930 1772 esse
950 1711 1118 1793 cogantur,

93 1815 154 1860 neo
177 1795 359 1860 sublevatos
383 1818 417 1861 se
440 1793 496 1860 sed
519 1794 668 1859 suffixos:
695 1796 833 1879 iustitie,
861 1796 1117 1880 mansuetudine,

93 1882 309 1967 humanitate,
337 1885 429 1971 larga
456 1887 488 1948 et
514 1881 655 1968 benigne
677 1906 776 1949 manu
798 1887 991 1970 praeparent
1013 1885 1118 1951 multa

94 1970 136 2036 ad
172 1973 328 2038 secundos
365 1992 457 2038 nasus
494 1972 666 2056 praesidis,
703 1993 842 2057 quorum
879 1995 936 2059 spe
973 1974 1117 2040 seourius
1136 1994 1165 2034 so

94 2061 261 2145 pendeant.
307 2061 392 2126 nihil
413 2065 521 2125 tamen
544 2082 644 2146 aeque
667 2083 728 2126 nos
751 2062 792 2127 ab
814 2062 865 2128 his
890 2063 990 2128 enimi
1012 2063 1118 2129 flueti-

95 2148 155 2216 bus
184 2151 409 2234 vindioaverit,
444 2170 541 2233 qnam
575 2171 700 2236 semper
734 2151 875 2235 aliquem
909 2153 1117 2218 incrementis

95 2240 268 2305 terminum
287 2240 386 2324 figere
390 2287 401 2323 ,
417 2261 477 2304 nee
494 2237 643 2305 fortunae
661 2240 830 2305 arbitrium
848 2241 1014 2307 desinendi
1033 2242 1117 2325 dare,

96 2328 247 2414 sedipsos
256 2330 360 2394 multo
371 2328 501 2412 quidem
510 2328 1117 2414 eitraexemplahortentureonsistere:

96 2418 143 2484 sie
171 2423 205 2484 et
234 2417 360 2503 aliquae
397 2417 590 2502 cupiditates
623 2420 768 2484 animum
799 2423 915 2485 eeuent
947 2426 980 2485 et
1006 2421 1118 2486 finitee
1137 2436 1165 2481 as

95 2529 162 2572 non
184 2508 219 2572 in
241 2508 435 2572 immensum
458 2505 679 2591 insertumque
701 2507 889 2591 producent.

185 2787 204 2845 4
216 2789 247 2844 in
260 2787 416 2859 longinqua
429 2790 458 2844 A
471 2804 540 2845 sorr.
555 2789 624 2859 vulp.
638 2788 649 2861 lt
666 2787 685 2843 5
697 2794 762 2858 post
775 2788 883 2843 includi
898 2790 978 2846 Koch
992 2807 1021 2845 se
1036 2791 1119 2859 odd.;

96 2861 192 2916 dubito
213 2860 273 2916 ooli.
292 2859 360 2916 diat.
380 2859 412 2915 X
429 2864 501 2944 ΙΨ
520 2861 590 2916 Hor.
605 2877 627 2915 a.
639 2861 668 2944 ,Ι
680 2864 709 2928 2,
723 2863 759 2915 43
781 2861 858 2928 epist.
877 2862 899 2914 I
913 2869 940 2928 5,
954 2865 1005 2929 15;
1023 2867 1068 2929 16,
1081 2866 1119 2918 29

103 2933 178 3002 Verp.
189 2932 259 3002 Aea.
272 2931 348 2986 VIII
360 2934 414 2986 577
426 2927 437 3002 ΙΙ
454 2929 472 2984 t
489 2948 547 3000 1sq3
561 2929 604 2987 A¹
617 2930 662 2985 h1s
675 2945 749 3015 quae
763 2931 843 3014 11¹0)
861 2930 872 3003 U
890 2931 923 2985 11
939 2933 1118 3016 rursus-votp.

97 3000 1120 3143 sebbettessenpossessa

97 3144 313 3300 aaut
366 3142 1121 3300 ¹ft1tt⁸atetetssss¹?÷s.son

101 3289 183 3345 Gertz
207 3294 277 3344 reete
300 3293 343 3342 sta
367 3287 500 3356 explodat:
525 3288 555 3341 et
579 3284 708 3356 exempla
733 3287 836 3355 (emm
857 3289 915 3342 seat.
937 3289 987 3356 qui
1007 3303 1066 3371 uon
1086 3291 1120 3344 in

99 3367 216 3429 tempore
240 3359 429 3427 eonstitemut)
456 3357 605 3412 hostentur
630 3374 688 3412 uon
715 3357 783 3412 dare
810 3357 941 3412 fortunas
969 3357 1120 3412 arbstrium

87 3428 438 3569 ddepppplepdpbnpppmippos
463 3428 535 3483 eitra
560 3430 589 3498 (i.
604 3445 625 3484 e.
645 3434 792 3498 antequam
813 3428 929 3495 fortuna
950 3447 1004 3484 sua
1023 3437 1120 3499 sponte
