2438 3846
195 203 246 258 AD
265 199 438 258 MARGIAM
455 199 506 255 DE
525 199 805 258 CONSOLATIONE
824 201 901 257 cAP.
918 208 975 258 Η
1034 205 1098 271 155

72 348 198 415 nullam
229 348 292 415 sibi
324 348 375 414 de
396 346 454 412 illo
486 347 558 413 fieri
589 349 793 414 mentionem.
845 347 957 413 oderat
989 364 1135 415 omnese

73 441 192 504 matres
222 443 255 505 et
283 438 319 502 in
347 436 474 503 Liviam
501 438 640 503 maxime
667 437 808 522 furebat,
834 439 911 522 quia
932 437 1101 505 ridebatur

74 527 116 593 ad
137 528 226 594 illius
248 527 354 593 tilium
376 527 530 592 transisse
553 527 616 592 sibi
637 527 797 612 promissa
822 527 969 593 felicitas.
1014 532 1100 594 tene-

72 617 141 683 bris
164 621 197 683 et
219 617 387 684 solitudini
409 616 675 701 familiarissima,
697 640 738 682 ne
756 617 798 682 ad
816 617 949 683 fratrem
970 618 1100 702 quidem

41 727 54 768 a
73 707 261 792 respiciens,
280 706 424 772 carmina
441 705 649 772 celebrandae
662 705 808 772 Marcelli
826 707 999 772 memoriae
1015 729 1101 773 com·

72 797 181 881 posita
203 797 349 882 aliosque
372 795 553 862 studiorum
574 796 715 862 honores
734 796 845 862 reiecit
864 800 897 861 et
915 819 1007 862 aures
1026 819 1100 862 suas

73 885 226 951 adversus
254 907 349 950 omne
377 884 533 951 solacium
556 885 660 950 clusit.
707 909 726 950 a
749 886 959 951 sollemnibus
983 886 1100 951 officiis

74 973 206 1041 seducta
228 979 261 1041 et
283 976 388 1061 ipsam
410 973 644 1061 magnitudinis
666 975 826 1041 fraternae
848 976 945 1041 nimis
966 976 1101 1042 circum-

72 1064 235 1130 lucentem
265 1064 431 1130 fortunam
462 1085 561 1129 exosa
590 1064 713 1130 defodit
742 1087 776 1129 se
806 1068 840 1130 et
868 1064 1000 1130 abdidit.
1047 1064 1101 1132 ad·

27 1153 252 1220 residentibus
288 1154 414 1238 liberis,
454 1152 627 1238 nepotibus
663 1154 834 1240 lugubrem
871 1157 993 1219 vestem
1032 1175 1101 1219 non

74 1242 238 1328 deposuit,
260 1265 327 1309 non
350 1243 419 1309 sine
438 1241 635 1309 contumelia
653 1243 799 1308 omnium
817 1264 963 1327 suorum,
982 1243 1099 1327 quibus

74 1333 172 1398 salvis
195 1333 274 1399 orba
297 1333 361 1399 sibi
383 1332 560 1398 videbatur,

163 1420 219 1488 ΙΠ.
255 1420 350 1487 Livia
373 1423 525 1488 amiserat
541 1421 646 1487 filium
664 1418 823 1505 Drusum,
842 1443 996 1507 magnum
1014 1421 1100 1486 futu·
1120 1435 1134 1486 1

26 1620 53 1662 i
72 1511 1100 1687 suffibat?iststgfflsttfttrtltit:

73 1712 143 1756 esse
172 1689 337 1756 Romanos
366 1694 481 1757 notum
511 1695 587 1755 eret.
633 1693 669 1755 in
695 1690 899 1775 expeditione
923 1688 1102 1756 decesserat

72 1779 154 1864 ipsis
183 1779 277 1845 illum
307 1779 455 1845 hostibus
486 1801 618 1866 aegrum
641 1802 715 1846 cum
738 1780 943 1844 veneratione
967 1782 999 1843 et
1020 1801 1100 1863 pace

72 1873 186 1935 mutua
226 1869 496 1955 prosequentibus
536 1891 596 1935 nec
633 1873 746 1955 optare
783 1868 870 1953 quod
912 1867 1101 1954 expediebat

72 1958 273 2025 audentibus.
311 1958 483 2025 accedebat
505 1957 546 2023 ad
567 1959 652 2024 hanc
675 1963 826 2044 mortem,
850 1981 947 2043 quam
966 1958 1021 2023 ille
1040 1981 1100 2043 pro

26 2067 54 2109 so
72 2070 108 2113 re
136 2048 268 2132 publica
296 2049 432 2132 obierat,
460 2048 574 2134 ingens
597 2048 717 2113 civium
741 2050 1045 2133 provinciarumque
1068 2052 1100 2112 et

73 2137 174 2204 totius
196 2135 310 2204 Italiae
332 2136 540 2220 desiderium,
562 2159 620 2221 per
643 2159 740 2223 quam
764 2139 873 2202 effusis
897 2138 931 2201 in
955 2137 1099 2202 officium

71 2226 210 2313 lugubre
232 2225 418 2311 municipiis
442 2226 643 2310 coloniisque
661 2249 763 2311 usque
782 2228 817 2292 in
835 2225 947 2291 urbem
966 2226 1099 2291 ductum

72 2320 142 2382 erat
168 2316 268 2382 fimus
298 2317 464 2402 triumpho
496 2316 706 2381 simillimum.
756 2338 823 2382 non
845 2316 982 2381 licuerat
1003 2317 1134 2380 matria

72 2404 189 2471 ultima
217 2406 278 2471 filii
308 2406 420 2471 oscula
447 2410 639 2492 gratumque
667 2407 802 2470 extremi
830 2428 1010 2471 sermonem
1034 2405 1099 2471 cris

26 2513 53 2555 as
72 2495 216 2580 haurire3
238 2496 338 2580 longo
362 2496 477 2560 itinere
499 2495 652 2579 reliquias
672 2493 771 2559 Drusi
793 2496 843 2560 sui
860 2499 1032 2578 prosecuta
1050 2498 1100 2559 tot

72 2606 131 2669 per
151 2606 279 2652 omnem
296 2582 425 2650 Italiam
444 2584 629 2650 ardentibus
647 2585 748 2669 rogis,
766 2585 859 2668 quasi
873 2584 991 2649 totiens
1006 2584 1099 2649 illum

72 2672 248 2759 amitteret,
280 2674 425 2757 inritata,
457 2677 495 2738 ut
523 2674 665 2758 primum
694 2677 803 2738 tamen
830 2674 943 2738 intulit
964 2674 1099 2757 tumu10,

73 2763 172 2829 simul
190 2763 334 2829 stillum
352 2762 548 2828 etdolorem
568 2785 661 2828 suum
680 2763 803 2847 posuit,
824 2783 883 2827 nec
902 2762 975 2846 plus
995 2762 1100 2827 doluit

72 2873 172 2936 quam
199 2856 257 2917 aut
282 2852 456 2917 honestum
483 2856 551 2916 erat
579 2850 712 2917 Caesare
737 2856 793 2916 eut
816 2872 952 2935 aequom
977 2851 1100 2917 Tiberio

26 3033 30 3041 ·
150 3007 183 3069 ,a
204 3024 255 3063 suo
270 3010 378 3066 Hosius
399 3009 410 3081 tl
434 3008 449 3064 7
469 3009 554 3064 clusit
571 3025 639 3065 corr.
656 3011 688 3064 in
707 3008 810 3063 clausit
832 3010 895 3076 fort.
910 3008 952 3063 Αι
975 3007 1099 3077 (cludere

71 3079 201 3136 sollenme
214 3095 260 3149 op.
270 3080 344 3149 Sea,
354 3079 486 3138 claudere
500 3087 541 3136 ter
549 3087 657 3136 tautam
667 3082 789 3136 enotavi:
798 3083 1100 3149 epist.p.49,3;122,6;

72 3153 190 3221 369,25)
203 3149 215 3224 ss
227 3149 264 3206 15
277 3151 360 3221 signa
367 3151 499 3207 Romana
508 3151 609 3205 fixerat
616 3152 712 3206 Maret
722 3152 833 3220 signnm
843 3151 964 3205 Romani
979 3151 1100 3206 fixerunt

72 3220 128 3350 Al!
138 3221 174 3278 18
188 3222 424 3293 prosequentibus
433 3221 681 3293 11²(practcribus
694 3224 726 3277 irs
737 3225 803 3292 ras.)
817 3221 827 3295 ll
841 3222 876 3278 19
891 3221 1100 3277 accendebatur

72 3293 110 3350 Jo
129 3336 135 3349 .
158 3295 265 3351 Mollior
291 3294 301 3368 ll
318 3294 355 3351 24
381 3294 484 3350 ultima
507 3295 539 3349 F
557 3301 583 3350 ct
600 3295 653 3349 otii
671 3307 688 3349 ς
710 3295 821 3349 utinam
839 3295 882 3350 Αβ
904 3296 933 3366 (u
954 3297 986 3350 iu
1006 3312 1061 3350 roe.
1080 3299 1100 3350 2

72 3365 137 3433 tiu.)
154 3364 164 3450 [l
182 3364 219 3421 26
236 3366 318 3420 illum
332 3368 364 3421 F
374 3374 406 3422 ut
418 3368 487 3436 culp.
502 3365 582 3420 illam
597 3367 624 3422 A
642 3365 652 3438 ll
669 3364 705 3421 28
724 3365 808 3420 simul
827 3369 856 3421 et
874 3367 955 3421 illum
969 3368 997 3421 A
1014 3366 1099 3421 simul

72 3437 103 3492 et
120 3436 211 3493 fihnm
229 3437 367 3495 Schultess
383 3438 394 3511 ll
412 3437 448 3493 29
466 3440 528 3494 erat
545 3437 664 3493 Caesare
684 3440 734 3492 aut
753 3453 873 3506 aequom
887 3437 1000 3493 Tiberio
1020 3437 1097 3493 salvo

74 3507 158 3566 Gertz
175 3511 269 3580 (1889)
295 3512 357 3564 erat
382 3525 478 3582 cesare
502 3511 553 3564 aut
575 3525 647 3582 equo
666 3509 764 3564 maluo
786 3511 816 3564 A
833 3512 902 3563 erat
914 3509 1047 3562 baama
1061 3508 1123 3578 aaa

73 3595 193 3650 aequom
205 3580 316 3638 Nerone
328 3580 406 3640 salvo
415 3581 557 3643 Sebuttess
568 3585 635 3641 erat
642 3581 769 3640 Caesari
775 3583 833 3637 aut
839 3595 974 3647 aequem
979 3575 1051 3627 aes
1058 3568 1136 3622 mue
