2438 3846
138 227 145 243 ,
181 155 232 211 xn
588 155 801 229 Parnassio,

181 309 315 387 graviter
336 307 471 368 laturum
495 306 576 384 qnod
599 306 831 367 correctionibus
854 305 993 365 futilibus
1011 305 1080 366 eius
1093 308 1205 383 spretis

181 417 216 456 oa
239 399 360 457 tantum
384 398 628 471 commemoravi,
657 414 734 471 quae
757 396 885 456 alicuius
907 395 999 473 pretii
1027 413 1091 455 esse
1120 396 1203 457 vide·

180 486 298 547 bantur.
343 489 431 547 notas
465 487 593 563 denique
624 486 694 545 illas
728 488 759 545 et
789 486 916 560 scholia,
947 504 1024 562 quae
1052 477 1204 544 A³A⁴A⁶

181 594 395 652 saepenumero
437 575 675 653 adscripserunt,
716 595 764 635 me
804 574 935 652 recipere
972 574 1104 634 noluisse
1140 574 1204 634 iam

181 684 273 741 supra
296 665 367 724 dixi.

270 754 307 812 ln
337 755 602 833 orthographia
630 754 777 830 optimum
804 752 903 813 risum
929 755 976 813 cst
1001 753 1101 831 ipsum
1128 753 1204 812 Am·

180 843 354 902 brosianum
377 844 464 920 sequi
486 845 521 901 ut
543 843 649 904 ducem
671 845 746 903 satis
768 843 880 903 bouum
903 844 1041 919 quamvis
1060 862 1119 902 nou
1144 843 1205 903 sibi

181 934 375 993 constantem.
408 952 462 992 uec
480 931 604 992 verebar
624 951 660 991 ue
685 934 731 991 ita
755 932 982 1008 inaequalitatis
1002 933 1114 992 crimen
1132 933 1203 992 sub-

180 1023 262 1081 irem.
294 1041 366 1082 nam
383 1041 421 1081 ne
439 1021 470 1080 id
490 1021 611 1099 quidem
632 1024 706 1082 satis
725 1025 909 1098 compertum
926 1021 1080 1096 habemus,
1099 1024 1204 1082 utrum

179 1110 243 1188 ipse
267 1111 380 1170 Seneca
406 1111 465 1171 sibi
490 1111 672 1187 constiterit,
698 1112 854 1187 multaque
875 1113 1000 1171 mouent
1022 1130 1090 1170 eum
1112 1112 1204 1171 utin

180 1201 248 1260 aliis
286 1201 495 1279 neglegentem
530 1200 575 1261 ita
610 1201 643 1259 in
676 1200 724 1261 his
760 1201 849 1260 rebus
885 1201 1068 1260 incuriosum
1100 1199 1203 1260 fuisse.

179 1291 281 1366 itaque
312 1291 427 1366 primae
454 1309 561 1350 manus
588 1291 720 1368 vestigia
746 1308 880 1367 premere
907 1289 1050 1349 constitui
1077 1292 1107 1347 et
1135 1309 1203 1349 eam

180 1380 224 1438 ita
251 1381 349 1456 sequi,
379 1382 415 1438 ut
441 1378 536 1439 bonas
563 1380 728 1456 scripturas
756 1381 928 1455 formasque
959 1379 1143 1455 antiquiores
1166 1382 1204 1440 nt

180 1468 315 1528 eoodicc
339 1469 502 1546 archetypo
529 1473 663 1530 servatas
686 1470 857 1543 retinerem,
881 1487 1067 1545 quamquam
1086 1485 1204 1545 semper

179 1558 241 1617 fere
264 1550 308 1616 A²
335 1561 388 1617 aut
410 1552 456 1617 A³
482 1590 520 1600 -
550 1559 586 1618 de
612 1559 681 1635 ipsa
703 1553 746 1615 A¹
774 1558 878 1617 dubito
907 1589 941 1597 -
968 1557 1000 1616 in
1027 1558 1203 1619 usitatiores

179 1648 318 1708 mutavit.
354 1665 427 1706 nam
453 1649 489 1706 ut
515 1647 637 1706 tandem
660 1647 823 1723 aliquando
842 1665 945 1706 earum
964 1647 1130 1706 formarum
1153 1667 1202 1706 ex-

180 1736 295 1812 emplis,
314 1755 393 1812 quae
406 1736 492 1795 Neue
507 1737 637 1814 collegit,
657 1737 793 1813 exempla
806 1735 972 1794 Annaeaua
991 1735 1141 1795 addantur
1160 1768 1199 1778 —

180 1827 210 1883 et
236 1826 335 1884 multa
363 1825 407 1884 ibi
433 1824 642 1886 desiderantur
666 1858 718 1897 —-,
746 1826 911 1885 cavendum
938 1828 1044 1885 estne
1072 1846 1088 1883 e
1115 1827 1203 1885 textu

179 1914 375 1989 expellantur.
405 1933 473 1974 cum
494 1917 595 1974 autem
614 1913 675 1974 alia
693 1915 822 1974 retinere
840 1916 902 1974 alia
914 1932 1066 1974 removere
1080 1915 1202 1991 nollem,

179 2004 282 2079 paullo
313 2003 401 2080 plura
431 2004 495 2071 eius
526 2004 641 2082 generis
670 2004 770 2080 recepi
798 2023 889 2081 quam
917 2002 1005 2062 Gertz
1032 2004 1112 2063 fecit.
1147 2023 1202 2064 nec

179 2093 365 2153 accusativos
396 2093 529 2169 plurales
555 2097 671 2152 awtaas
694 2114 724 2169 p.
740 2093 825 2169 28,6
858 2094 1071 2167 magistratione
1095 2093 1147 2168 35,
1159 2095 1200 2153 25

178 2183 297 2254 fastaas
323 2186 401 2257 71,1
428 2182 528 2259 sprevi
555 2200 608 2241 nec
635 2181 768 2260 genetivi
792 2180 953 2261 singularis
977 2185 1008 2241 ot
1030 2182 1127 2242 dativi
1149 2182 1202 2242 ab·

179 2270 326 2347 lativique
349 2271 477 2348 pluralis
496 2269 643 2332 secundae
662 2271 871 2331 declinationis
891 2272 1003 2335 formas
1022 2273 1202 2347 contractas,

179 2360 289 2437 quippe
320 2379 396 2436 quas
428 2361 461 2419 in
492 2358 656 2439 tragoediis
688 2379 808 2436 quoque
841 2380 859 2419 a
892 2359 1004 2420 Seneca
1040 2363 1201 2437 usurpatas

178 2449 309 2508 viderem
334 2443 387 2530 (-
415 2450 547 2509 numeris
570 2452 640 2509 utor
662 2448 804 2509 Leoninis
822 2482 862 2490 -
878 2450 978 2523 inponi
1000 2448 1110 2509 Phoen.
1126 2451 1201 2526 238,

177 2540 282 2612 imperi
304 2537 416 2598 Phoen.
432 2540 505 2599 296.
527 2539 588 2598 661
614 2538 740 2599 Phaedr.
757 2539 820 2598 868
840 2537 911 2599 Oed.
929 2538 971 2598 84
990 2539 1110 2615 Thyest.
1127 2541 1200 2598 223.

179 2629 257 2701 239,
304 2628 410 2686 arbitri
450 2628 527 2688 Med.
553 2629 630 2703 137,
677 2629 793 2703 coniugi
832 2628 909 2688 Med.
938 2629 1017 2701 481,
1063 2629 1202 2701 saperctli

177 2714 303 2775 Phacdr.
324 2719 398 2792 799,
426 2718 530 2776 consili
555 2718 675 2794 Thyest.
697 2719 769 2777 308.
791 2719 864 2792 325,
892 2717 976 2776 exilis
998 2716 1109 2777 Phoen.
1126 2718 1201 2790 625,

177 2807 319 2879 supplicis
341 2805 418 2866 Med.
437 2799 547 2886 1015).
592 2807 665 2867 item
688 2808 800 2867 formas
826 2808 995 2866 contractas
1015 2808 1101 2880 pera,
1130 2807 1199 2876 abit,

177 2895 273 2964 cadit,
303 2895 390 2964 desit,
414 2898 480 2969 peti
505 2896 570 2956 sim.
616 2915 722 2973 prosae
751 2895 882 2956 orationi
904 2895 1085 2955 Annaeanae
1114 2895 1200 2955 abro-

177 2985 245 3062 gari
274 3003 334 3043 non
362 3003 449 3060 posse
478 2988 509 3045 et
535 2985 629 3045 mirus
655 2985 793 3051 ¹codicum
820 2985 1003 3062 optimorum
1031 3002 1200 3061 consensus,

177 3072 407 3152 Bambergensis
431 3074 498 3134 dico
519 3076 553 3134 iu
572 3073 723 3152 epistulis,
747 3073 940 3132 Ambrosiani
957 3074 990 3132 in
1009 3073 1147 3152 dialogis,
1170 3077 1202 3134 ct

177 3161 404 3239 tragoediarum
432 3182 505 3224 usus
536 3165 610 3223 satis
640 3164 808 3223 luculenter
839 3163 973 3223 ostendit
1000 3156 1085 3244 (petit
1111 3162 1200 3224 Herc.

178 3251 235 3310 fur.
252 3254 326 3310 244.
351 3253 414 3312 825
440 3253 627 3313 ’11011348
648 3255 711 3327 poeti
732 3253 818 3312 Herc.
839 3250 904 3312 Oct.
931 3253 1016 3312 1843
1040 3251 1117 3311 Mod.
1134 3254 1199 3314 248

174 3342 253 3413 perit
275 3341 383 3401 Troad.
400 3342 461 3400 631
488 3342 551 3401 adtt
573 3342 659 3401 Hero.
684 3343 741 3400 fur.
762 3343 823 3401 321
847 3343 907 3400 aba
923 3341 1010 3400 Herc.
1031 3339 1095 3400 Oet.
1113 3343 1198 3401 1911

178 3428 284 3488 Troad.
306 3432 369 3489 597
404 3431 466 3489 aba
496 3430 583 3490 Hero.
611 3429 674 3491 Oet.
697 3425 806 3511 1977).
861 3431 894 3489 in
926 3429 1200 3506 praepositionibus

168 3517 270 3573 verbis
291 3519 406 3590 quibas
426 3519 551 3580 iunctae
575 3523 648 3580 sunt
670 3522 725 3581 aut
748 3519 948 3580 assimilandis
973 3522 1027 3579 aut
1046 3538 1107 3579 non
1125 3522 1201 3581 assi-
