2438 3846
404 155 454 209 on
472 154 536 208 ius
555 154 622 209 sua.
637 154 658 209 1.
691 153 768 210 clu.
786 159 818 208 ιι
1077 159 1118 223 67

191 298 276 365 XIX.
318 300 436 383 Habet,
467 302 612 384 iuquam,
642 299 808 365 iracundia
838 300 902 366 hoc
933 301 1023 365 mali:
1054 322 1154 371 nonu

101 390 172 453 vult
200 391 284 475 regi3
312 390 461 455 irascitur
483 390 612 453 ueritati
635 389 711 472 ipsi,
735 389 764 454 si
786 393 899 454 contra
921 391 1121 456 voluntatem

101 501 193 545 suam
229 480 392 562 apparuit;
428 499 502 543 cum
538 479 677 542 clamore
714 481 747 542 et
782 479 924 543 tumultu
956 483 989 543 et
1019 480 1120 545 totius

100 569 245 652 corporis
276 569 448 632 iactatione
479 588 559 650 quos
590 566 763 632 destinavit
785 567 966 652 insequitur
988 566 1120 634 adiectis

69 657 255 722 econviciis
285 655 535 739 maledictisque.
585 656 649 720 hoc
677 678 744 720 uon
773 655 853 722 facit
881 657 979 741 rati0;
1008 657 1063 722 sod
1090 657 1155 728 sis

100 747 145 810 ita
179 768 260 829 opus
293 748 354 828 est,
387 745 484 810 silens
515 745 687 829 quietaque
717 747 802 809 totas
832 745 946 811 domus
974 744 1120 811 unditus

99 835 188 899 tollit
211 837 243 898 et
265 834 404 898 familias
427 835 473 899 rei
496 834 644 918 publicae
668 834 854 917 pestilentes
878 856 951 899 oum
976 835 1121 921 coniugi·

100 923 160 988 bus
186 944 223 988 ac
245 923 356 988 liberis
377 923 496 1006 perdit,
514 927 600 987 tecta
618 923 689 1007 ipsa
708 923 807 986 dimit
825 927 858 987 et
876 924 946 988 solo
965 927 1122 1008 exaequat

100 1017 132 1076 et
155 1013 286 1077 inimica
307 1013 450 1076 libertati
471 1013 604 1076 nomina
626 1013 779 1095 extirpet:
802 1012 865 1077 hoc
886 1034 953 1077 non
971 1013 1120 1078 frendens

55 1123 82 1162 ιο
99 1122 159 1165 uec
192 1105 289 1185 caput
321 1123 476 1185 quassans
507 1122 567 1165 uec
600 1101 773 1184 quicquam
804 1101 990 1167 indecorum
1022 1101 1121 1166 iudici

100 1189 233 1273 faciens,
264 1191 354 1256 ouius
385 1194 455 1253 tum
484 1191 622 1254 maxime
650 1189 795 1273 placidus
824 1211 892 1255 esse
916 1190 1009 1256 debet
1031 1191 1121 1256 etin

100 1283 187 1344 statu
209 1280 332 1361 vultus,
356 1300 430 1343 oum
453 1299 571 1363 magna
592 1280 789 1363 pronuntiat.
835 1278 929 1363 ‘quid
952 1301 1033 1364 opus
1057 1278 1154 1351 est'a

100 1369 206 1451 inquit
238 1366 456 1452 Hieronymus
489 1366 580 1433 ‘cum
609 1369 689 1433 velis
720 1368 850 1432 caedere
879 1368 1032 1452 aliquem,
1064 1373 1121 1433 tua

101 1459 190 1540 prius
208 1457 299 1521 labra
318 1456 500 1522 mordere?'
538 1457 629 1541 quid,
650 1459 678 1523 si
696 1457 751 1522 ille
769 1457 904 1522 vidisset
921 1457 1121 1523 desilientem

56 1546 139 1610 rede
169 1546 325 1610 tribunali
353 1547 580 1630 proconsulem
607 1550 640 1611 et
666 1547 768 1611 fasces
793 1546 902 1611 lictori
925 1547 1120 1612 auferentem

100 1639 132 1699 et
156 1639 280 1699 suamet
302 1637 493 1699 vestimenta
516 1636 726 1719 scindentem,
755 1637 831 1718 quia
853 1635 975 1700 tardius
999 1637 1120 1701 scinde·

99 1724 218 1788 bantur
240 1724 365 1788 aliena?
401 1724 479 1808 quid
502 1745 583 1806 opus
607 1728 655 1790 est
678 1746 821 1789 mensam
844 1724 1006 1789 evertere?
1043 1725 1156 1809 quide

100 1814 218 1896 pocula
250 1813 423 1899 adfligere?
476 1813 553 1897 quid
586 1835 619 1878 se
652 1814 686 1877 in
718 1814 883 1878 columnae
921 1813 1121 1898 impingere?

101 1902 178 1985 quid
215 1903 351 1986 capillos
388 1901 537 1985 avellere,
579 1902 683 1966 femur
721 1907 897 1986 pectusque
933 1902 1121 1986 percutere?

55 2011 82 2052 ao
101 1995 254 2075 quantam
286 1993 367 2056 iram
399 1995 508 2075 putas,
539 2013 633 2074 quae,
664 1992 740 2075 quia
767 1992 802 2055 in
829 1992 929 2056 alium
958 2013 1025 2056 uon
1054 1995 1121 2056 tam

101 2080 165 2144 cito
197 2102 293 2163 quam
322 2081 394 2143 vult
423 2081 575 2163 erumpit,
605 2081 642 2152 in*
670 2102 703 2144 se
731 2080 923 2144 revertitur?
972 2084 1121 2145 tenentur

100 2170 209 2252 itaque
233 2193 251 2233 a
274 2169 430 2253 proximis
455 2173 487 2233 et
509 2172 678 2254 rogantur,
708 2172 745 2233 ut
772 2169 834 2233 sibi
858 2170 921 2252 ipsi
944 2171 1119 2253 placentur.

101 2279 239 2342 quorum
267 2259 316 2322 nil
345 2259 424 2324 facit
451 2259 596 2342 quisquis
620 2279 740 2323 vacuus
763 2259 812 2321 ira
834 2259 982 2323 meritam
1005 2260 1155 2342 cuiques

56 2455 82 2496 ,ι
100 2348 1120 2520 11ζῖἒὲιέῗὲῗῗὲιιῗὲἳὲῖἓὲἰιῖῗρὲρέῗι01ἳέΡῗῖιῗιξῖᾞ

101 2526 129 2590 si
152 2526 311 2611 intellegit
333 2547 400 2590 non
422 2548 461 2590 ex
484 2525 550 2590 alto
574 2526 683 2589 venire
700 2525 891 2609 nequitiam,
911 2525 966 2590 sed
985 2547 1119 2609 summe,

101 2615 188 2698 quod
220 2617 323 2697 aiunt,
356 2615 463 2679 animo
494 2615 670 2698 inhaerere,
701 2613 791 2678 dabit
820 2615 1034 2698 inpunitatem
1060 2636 1120 2680 uec

101 2704 330 2787 accipientibus
367 2704 547 2768 nocituram
582 2725 642 2768 nec
679 2702 842 2787 dantibus3
877 2725 1155 2788 nonnumquame

100 2814 218 2878 magna
247 2794 366 2858 scelera
392 2794 494 2858 levius
524 2814 619 2876 quam
647 2794 772 2857 minora
795 2797 991 2877 compescet,
1014 2794 1041 2858 si
1063 2793 1121 2858 illa

56 2883 207 2967 relapsu,
230 2903 296 2947 non
319 2882 506 2948 crudelitate
530 2884 699 2949 commissa
723 2885 811 2965 sunt,
836 2882 888 2947 his
911 2882 995 2947 inest
1016 2883 1119 2947 latens

101 2975 133 3035 et
170 2975 282 3055 operta
314 2974 345 3034 et
376 2973 553 3035 inveterata
582 2971 754 3056 calliditas3
786 2972 871 3036 idem
901 2971 1053 3036 delictum
1085 2972 1120 3036 in

190 3161 398 3217 ivoluntatem
422 3164 466 3218 col
486 3162 688 3232 ‚uoluptatem
706 3164 768 3218 AL
799 3163 803 3237 l
827 3163 861 3219 11
885 3165 946 3218 tum
965 3166 993 3219 A
1015 3165 1120 3219 tuucs

100 3233 312 3304 csr.cop.15,2
336 3233 346 3307 ll
371 3233 406 3289 18
425 3181 524 3289 cedere
537 3236 566 3291 A
587 3233 598 3307 ll
619 3233 655 3289 15
674 3233 764 3290 faeces
823 3234 900 3289 faces
914 3236 942 3291 A
963 3234 974 3307 ll
996 3234 1032 3289 18
1050 3235 1119 3304 quid

101 3305 203 3375 pocula
216 3305 246 3360 in
261 3304 405 3361 columnae
422 3306 596 3376 impingere?
623 3305 693 3374 quid
707 3322 768 3361 eea
802 3305 808 3318 ‘
847 3311 896 3360 re?
923 3306 1035 3361 licenter
1047 3309 1118 3362 coni.

102 3377 224 3432 Karsten
245 3375 255 3448 ΙΙ
278 3375 313 3430 11)
331 3376 453 3432 auellere
467 3379 495 3434 A
514 3375 635 3432 euellere
653 3389 670 3431 ε
688 3383 714 3432 et
730 3377 799 3448 ooly.
851 3375 887 3430 2⁰
905 3379 1042 3447 quantam
1056 3378 1119 3433 AL

101 3463 186 3518 quam
211 3451 351 3503 amentem
375 3450 533 3519 mpicutar
554 3447 636 3504 ame
659 3446 670 3521 ΙΙ
694 3447 731 3503 28
747 3448 793 3503 ira
852 3447 911 3519 (red
926 3449 1021 3517 suerat
1037 3448 1129 3518 inulti

100 3517 136 3574 24
154 3517 313 3575 dimittite
335 3520 498 3577 ttetGertr
563 3561 564 3564 η

897 3623 937 3678 b!
