2438 3846
94 157 158 223 172
293 155 323 209 L.
338 153 481 209 ANNAEI
498 152 663 210 SENECAE
682 151 776 207 DIAL.
791 152 858 207 LIB.
873 151 920 210 VI.

92 304 179 367 tutes
211 301 341 366 illarum
373 299 408 364 in
440 303 546 365 artum
582 297 774 364 retraxisse?
828 320 887 383 par
922 297 1002 382 illis,
1033 299 1115 365 mibi

93 390 199 474 crede,
235 390 343 476 vigor,
378 411 437 474 par
473 389 514 455 ad
550 389 700 472 honesta,
734 388 848 471 libeat,
883 386 1019 453 facultas
1052 393 1115 474 est3

93 479 237 545 dolorem
255 479 464 563 laboremque
483 499 658 562 exaequo,
676 476 704 542 si
718 497 924 560 consuevere,
938 477 1114 562 patiuntur.

57 567 215 655 sinque
237 567 324 633 istu'd
346 568 438 653 urbe,
462 567 496 632 di
518 567 610 651 boni,
631 565 816 650 loquimur?
860 566 895 630 in
918 589 983 651 qua
1003 589 1114 652 regern

93 655 248 722 Romanis
268 657 428 742 capitibus
441 656 592 722 Lucretia
607 660 638 721 et
651 654 772 720 Brutus
792 655 988 722 deiecerunt:
1010 654 1113 722 Bruto
1144 675 1156 716 s

92 746 276 812 libertatem
291 746 459 831 debemus,
472 745 640 811 Lucretiae
654 743 807 829 Brutum3
829 744 864 808 in
881 766 944 829 qna
958 742 1113 810 Cloeliam

93 839 280 922 contempto
309 839 342 901 et
367 834 462 900 hoste
487 838 520 901 et
541 834 675 900 flumine
699 834 741 899 ob
764 833 924 921 insignem
948 833 1114 900 audaciam

92 928 220 990 tanturn
243 924 368 990 nonin
388 924 476 990 viros
498 923 771 1009 transcripsimus:
804 923 945 1008 equestri
972 923 1113 990 insidens

93 1017 218 1080 statuae
241 1015 276 1080 in
299 1035 389 1080 sacra
411 1013 478 1098 via,
504 1013 711 1080 celeberrimo
741 1014 829 1097 loco,
858 1010 979 1078 Cloelia
1001 1035 1114 1099 expro-

93 1103 167 1169 brat
198 1102 368 1173 iuvenibus
397 1102 517 1169 nostris
547 1103 716 1188 pulvinum
748 1101 991 1167 escendentibus
1019 1103 1157 1168 ineam

93 1192 167 1258 illos
199 1193 279 1258 urbe
311 1193 358 1258 sic
389 1192 529 1280 ingredi,
560 1192 595 1258 in
627 1213 691 1276 qua
722 1191 820 1256 etiam
856 1191 992 1256 feminas
1030 1213 1114 1276 equo

58 1281 293 1347 adoravimus.
339 1282 426 1366 quod
456 1281 484 1346 si
513 1281 574 1346 tibi
601 1281 649 1348 vis
678 1280 825 1365 exempla
847 1280 959 1346 referri
980 1280 1115 1346 femina·

91 1394 180 1457 rum,
212 1393 293 1456 quae
326 1393 401 1436 suos
433 1370 561 1436 fortiter
590 1369 853 1452 desideraverint,
881 1392 948 1435 non
971 1369 1114 1436 ostiatim

94 1482 258 1546 quaeram3
295 1482 335 1524 ex
366 1482 431 1525 una
462 1460 523 1525 tibi
554 1459 677 1524 familia
709 1459 788 1525 duas
821 1457 984 1524 Cornelias
1017 1458 1114 1525 dabo:

92 1550 230 1635 primam
262 1547 422 1636 Scipionis
452 1548 569 1633 ffliam,
598 1547 816 1638 Gracchorum
846 1551 990 1613 matrem.
1037 1548 1114 1614 duo·
1134 1569 1158 1610 u

93 1638 197 1704 decim
224 1639 282 1704 illa
308 1641 420 1724 partus
443 1636 579 1717 totidem
602 1638 768 1703 funeribus
792 1636 993 1724 recognovit3
1019 1641 1052 1702 et
1074 1637 1114 1703 de

93 1729 207 1794 ceteris
235 1728 329 1793 facile
357 1731 420 1811 est,
442 1747 524 1812 quos
546 1749 607 1792 nec
629 1727 732 1793 editos
760 1748 819 1792 neo
842 1727 976 1792 amissos
1000 1725 1114 1792 civitas

94 1818 206 1883 sensit:
247 1817 413 1883 Tiberium
446 1815 641 1900 Gaiumque,
677 1838 758 1901 quos
791 1815 888 1882 etiam
922 1815 978 1899 qui
1009 1816 1113 1881 bonos

92 1907 179 1972 viros
212 1907 378 1993 negaverit
407 1927 542 1992 magnos
572 1905 741 1990 fatebitur,
770 1909 803 1971 et
832 1905 954 1970 occisos
978 1905 1060 1970 vidit
1083 1910 1115 1971 et

92 1996 281 2080 insepultos.
328 1995 568 2062 consolantibus
601 1997 710 2060 tamen
742 1995 955 2078 miseramque
983 1994 1114 2059 dicenti·
1134 2023 1159 2063 so

93 2085 168 2150 bus:
199 2084 408 2169 ‘numquam'
430 2085 538 2169 inquit
561 2084 642 2149 ‘non
664 2084 792 2149 felicem
815 2106 866 2149 me
891 2083 1010 2168 dicam,
1033 2105 1115 2168 quae

58 2173 255 2240 4Gracchos
292 2173 423 2260 peperi?
482 2172 630 2239 Cornelia
660 2173 734 2239 Livi
764 2172 863 2240 Drusi
901 2173 1114 2240 clarissimum

93 2264 242 2331 iuvenem
279 2263 424 2330 inlustris
461 2263 597 2350 ingenii,
633 2262 802 2329 vadentem
839 2286 898 2348 per
929 2260 1116 2330 Gracchana

92 2354 231 2441 vestigia
252 2353 438 2440 inperfectis
456 2357 507 2418 tot
523 2353 746 2439 rogationibus
766 2353 851 2418 intra
868 2358 999 2438 penates
1018 2354 1115 2419 inter-

94 2447 239 2528 emptum
262 2465 352 2529 suos,
375 2443 525 2508 amiserat
548 2443 670 2508 incerto
695 2442 800 2508 caedis
823 2447 962 2510 anctore.
1005 2438 1114 2508 tamen
1133 2474 1158 2517 u

93 2619 142 2658 sec,
158 2620 192 2657 m.
212 2602 338 2656 mulieris
357 2602 421 2657 AF
442 2599 626 2657 muliebribus
647 2602 716 2672 eolp.
741 2602 788 2656 ‘ex
805 2608 854 2656 eet.
869 2602 926 2656 leet.
942 2602 1088 2656 Plueiaui’
1106 2602 1115 2672 Η

93 2673 111 2728 2
138 2672 229 2728 libeat
251 2675 292 2740 A,
309 2673 393 2742 'quod
414 2675 455 2728 sic
477 2674 550 2728 uude
572 2675 696 2742 positum
717 2673 787 2739 ferri
809 2690 866 2728 uou
888 2690 969 2743 posse
991 2681 1115 2743 apparel,

93 2763 143 2800 uec
170 2745 195 2799 si
219 2743 322 2812 libeat,
347 2743 437 2798 libeat
462 2744 559 2812 modo,
584 2743 673 2799 libeat
697 2747 810 2798 tantum
835 2745 940 2815 (Gertz)
967 2745 1115 2799 admodum

91 2818 183 2886 placet
201 2815 291 2870 libera
305 2830 323 2870 ς
340 2815 458 2870 libertos
473 2818 502 2871 et
515 2815 534 2869 f.
549 2816 692 2871 Schultess.
708 2835 746 2872 au
764 2815 895 2883 libertas,
909 2816 982 2870 fac?
1000 2816 1046 2940 ira
1059 2818 1084 2870 si
1098 2829 1115 2869 ς

94 2905 123 2942 se
138 2890 165 2943 A
186 2887 189 2959 ξ
206 2888 224 2941 6
237 2888 268 2942 in
282 2903 339 2956 qua
354 2886 489 2942 Cloeliam
499 2889 530 2943 F
539 2888 607 2957 culp.
622 2888 652 2941 in
667 2905 722 2957 quo
737 2887 856 2942 coeliam
866 2890 894 2942 A
907 2887 917 2961 Η
931 2888 945 2942 7
961 2889 990 2942 et
1024 2889 1084 2942 oste
1098 2901 1115 2941 a·

94 2959 175 3013 inhos
190 2975 205 3013 e
219 2962 247 3014 A
265 2960 347 3014 hoste
362 2960 393 3014 F
406 2960 475 3030 eolp.
494 2959 504 3031 ll
527 2958 545 3014 8
562 2958 687 3013 insidens
706 2966 757 3015 cut
774 2960 919 3014 delendum
937 2965 1115 3042 autmutari·

94 3032 160 3085 dum
185 3048 241 3086 esse
264 3033 296 3086 iu
321 3031 441 3101 insignis
466 3033 572 3085 ceusuit
596 3031 626 3086 0.
640 3032 717 3086 Jehu
742 3047 814 3099 equo
837 3031 964 3100 vestique
989 3030 1115 3084 mudena

95 3102 238 3172 stragulae
253 3104 364 3188 licenter
374 3104 436 3187 Joh.
445 3103 566 3169 Meliten
578 3103 674 3157 uzalim
688 3099 748 3158 cuia
760 3103 870 3186 dessio
883 3109 985 3187 putare
999 3103 1116 3187 Seuecae

94 3175 262 3300 ttulit
278 3176 493 3318 {stltlltlt
504 3175 856 3311 stultulus?
869 3173 1116 3311 tttttlttl

95 3320 122 3372 A
147 3317 158 3390 ll
182 3317 215 3372 lv
239 3317 324 3373 facile
349 3320 392 3373 est
413 3321 440 3373 A
466 3318 527 3386 (cfr.
548 3317 736 3372 Friedlduder
758 3317 797 3371 ad
815 3317 944 3372 Martiol.
959 3319 978 3372 1
995 3321 1067 3384 18,5
1090 3323 1116 3372 et

96 3389 230 3445 Schultess
251 3391 351 3444 Philol.
367 3391 437 3444 Aue.
453 3391 549 3444 XVII
566 3405 596 3458 p.
614 3391 679 3459 297)
702 3387 788 3443 facile
806 3390 868 3444 erat
887 3389 967 3444 Koch
990 3389 993 3460 l
1017 3389 1087 3461 necss
1102 3419 1114 3431 ·

96 3460 262 3534 ditosfsnecll
272 3461 314 3516 A⁵
332 3461 341 3532 ll
359 3461 394 3516 18
413 3459 557 3516 Tiberium
575 3459 675 3514 Gaium
696 3477 733 3515 ue
752 3461 888 3516 Schultess
907 3459 945 3514 .T.
961 3461 1113 3529 gracchum

83 3533 252 3599 A(21'neele
267 3549 356 3603 supra
376 3532 399 3586 Τ
412 3539 511 3604 postea
530 3533 619 3603 uasa)
637 3531 648 3605 ll
664 3478 701 3587 Sl
719 3531 792 3586 Livii
810 3532 926 3602 Lipsius
945 3531 1005 3586 diui
1019 3534 1048 3587 A
