2438 3846
228 205 279 260 AD
297 202 471 261 molam
488 203 539 259 DE
557 202 839 260 CONSOLATIONE
859 202 937 260 OAP.
953 210 967 259 1
1036 207 1110 274 ‘153

83 354 140 419 alii
162 353 272 436 itaque
290 352 433 418 molliter
451 355 550 438 agant
565 354 601 416 et
617 350 838 435 blandiantur,
857 371 917 437 ego
937 350 1119 437 confligere

83 463 158 508 cum
189 447 246 507 tuo
279 463 423 508 maerore
454 441 610 506 constitui
640 443 673 505 et
701 440 844 505 defessos
874 441 1111 525 exhaustosque

84 534 210 617 oculos,
234 530 262 598 si
279 553 392 597 verum
409 530 474 614 vis,
496 530 601 616 magis
622 529 687 594 iam
705 552 746 595 ex
763 529 995 596 consuetudine
1015 553 1112 615 quam

83 644 125 687 ex
143 621 300 687 desiderio
319 622 449 687 fluentis
468 620 655 702 contineb0,
674 619 702 684 si
720 620 791 684 fieri
809 619 965 704 potuerit,
984 620 1111 686 favente

50 715 117 776 ste
145 710 295 776 remediis
324 711 403 794 tuis,
432 711 460 775 si
487 710 608 793 minus,
634 709 688 774 rel
711 709 826 791 invita,
846 712 958 793 teneas
980 711 1058 776 licet
1080 714 1113 775 et

84 800 277 885 amplexeris
309 800 454 866 dolorem
485 803 592 883 tuum,
624 820 721 883 quem
753 798 814 864 tibi
846 799 881 864 in
912 799 975 864 filii
1002 800 1112 865 locum

84 889 290 974 superstitem
322 889 436 955 fecisti.
482 889 556 973 quis
587 889 675 953 enim
706 889 769 953 erit
797 887 895 954 finis?
941 889 1050 954 omnia
1078 890 1148 957 ine

84 1000 319 1063 supervacuum
359 980 518 1063 temptata
559 981 647 1043 sunt:
694 977 850 1065 fatigatae
891 977 1112 1045 adlocutiones

84 1069 275 1154 amicorum,
317 1069 525 1134 auctoritates
566 1089 759 1154 magnorum
796 1072 829 1133 et
860 1067 1017 1134 adfinium
1052 1069 1114 1135 tibi

37 1178 65 1219 rc
82 1159 241 1238 virorum3
283 1157 402 1241 studia,
439 1155 669 1223 hereditarium
705 1161 739 1224 et
774 1160 945 1242 paternum
981 1158 1112 1242 bonum,

84 1247 197 1313 surdas
229 1269 322 1314 aures
354 1246 453 1312 inrito
486 1251 520 1312 et
549 1247 607 1312 vix
635 1247 677 1312 ad
704 1247 836 1313 brevem
866 1249 1113 1333 occupationem

83 1337 272 1421 proficiente
314 1337 435 1403 solacio
476 1339 658 1420 transeunt3
701 1335 784 1401 illud
822 1337 930 1421 ipsum
966 1338 1113 1403 naturale

82 1425 260 1492 remedium
288 1426 460 1512 temporis,
490 1425 578 1510 quod
599 1425 764 1494 ¹maximas
792 1448 921 1511 quoque
944 1437 1113 1492 aerumnas

84 1517 265 1600 componit,
293 1516 329 1580 in
357 1520 391 1581 te
418 1537 484 1581 una
505 1516 573 1581 vim
596 1537 688 1581 suam
710 1514 860 1600 perdidit.
905 1517 1020 1582 tertius
1048 1518 1148 1583 iamr

38 1623 65 1665 rr
83 1608 239 1690 praeterit
267 1627 383 1690 annus,
414 1626 488 1671 cum
517 1605 648 1670 interim
674 1605 759 1669 nihil
780 1626 822 1670 ex
843 1606 949 1690 primo
973 1607 1031 1671 illo
1055 1607 1114 1671 im·

83 1698 162 1779 petu
192 1694 320 1760 cecidit:
352 1697 487 1760 renovat
517 1716 551 1760 se
581 1698 614 1760 et
642 1694 834 1760 corroborat
860 1694 979 1761 cotidie
1006 1696 1114 1761 luctus
1207 1757 1209 1761 ,

82 1787 117 1849 et
139 1784 204 1850 iam
227 1784 291 1849 sibi
312 1785 363 1850 ius
382 1804 474 1849 mora
491 1783 570 1849 fecit
587 1805 690 1869 ecque
709 1784 866 1850 adductus
886 1788 948 1868 est,
967 1787 1004 1849 ut
1021 1789 1115 1869 putet

82 1877 178 1958 torpe
215 1873 368 1939 desinere.
423 1872 696 1958 quemadmodum
732 1874 842 1939 omnia
872 1874 953 1939 vitia
985 1875 1113 1959 penitus

82 1961 242 2047 insidunt,
270 1963 348 2047 nisi,
379 1962 456 2029 dum
487 1966 638 2050 surgrmt,
668 1985 823 2049 oppressa
850 1967 938 2048 sunt,
967 1964 1013 2029 ita
1035 1964 1114 2030 haec

37 2070 65 2112 ro
83 2073 214 2137 quoque
236 2053 344 2118 tristia
366 2056 400 2118 et
422 2053 540 2118 misera
562 2057 595 2118 et
617 2052 653 2117 in
671 2075 705 2118 se
724 2053 900 2118 saevientia
917 2054 990 2138 ipsa
1007 2054 1114 2119 noris·

84 2143 165 2207 sime
195 2142 368 2207 acerbitate
397 2146 575 2226 pascuntur
604 2146 638 2208 et
663 2143 703 2207 fit
728 2143 868 2209 infelicis
892 2143 992 2208 animi
1014 2164 1114 2227 prava

82 2232 236 2315 voluptas
259 2230 360 2297 dolor.
398 2232 559 2317 cupissem
582 2233 692 2316 itaque
714 2232 829 2315 primis
852 2233 1051 2316 temporibus
1073 2232 1149 2296 ade

83 2320 181 2385 istam
216 2321 417 2386 curationem
453 2321 628 2387 accederet¹
651 2321 775 2386 leniore
809 2320 969 2386 medicina
999 2321 1114 2387 fuisset
1169 2393 1171 2397 ,

84 2410 191 2475 oriens
215 2409 320 2476 adhuc
342 2410 566 2496 restringenda
588 2410 652 2494 ris3
681 2410 903 2476 vehementius
927 2415 1042 2476 contra
1066 2412 1114 2476 in-

37 2516 65 2559 as
83 2502 227 2564 veterata
244 2498 457 2586 pugnandum
475 2503 532 2566 est.
568 2521 645 2565 nam
659 2500 828 2565 volnerum
844 2520 974 2585 quoque
994 2501 1113 2566 sanitas

83 2588 190 2654 facilis
227 2593 289 2674 est,
325 2589 403 2655 dum
435 2612 455 2655 a
487 2589 643 2676 sanguine
675 2590 817 2655 recentia
849 2593 938 2674 sunt3
972 2593 1050 2655 tunc
1082 2595 1115 2655 et

83 2681 223 2744 uruntur
245 2682 278 2744 et
300 2679 336 2743 in
360 2679 463 2744 altum
484 2682 678 2744 revocantur
699 2681 733 2743 et
754 2677 875 2764 digitos
901 2681 1114 2744 scrutantium

83 2767 259 2852 recipiunt,
281 2767 339 2832 ubi
362 2771 515 2852 corrupta
533 2768 569 2832 in
586 2768 708 2833 malum
726 2767 819 2832 ulcus
837 2771 1010 2833 vertenmt.
1047 2789 1115 2833 non

84 2877 219 2941 possum
241 2877 328 2922 nunc
350 2878 409 2941 per
432 2856 625 2940 obsequium
647 2877 707 2922 nec
730 2856 872 2922 molliter
895 2858 1028 2942 adsequi
1046 2861 1113 2922 tam

38 2944 202 3012 ecdurum
225 2945 384 3012 dolorem:
407 2944 604 3032 frangendus
628 2949 685 3012 est.

176 3154 290 3210 lconfli
310 3170 357 3210 ere
376 3153 460 3226 (liger
477 3157 510 3212 ia
526 3158 593 3225 ras.)
608 3156 651 3211 A¹
666 3156 700 3226 (r)
716 3155 727 3228 {l
742 3155 777 3210 ll
787 3155 873 3210 inrito
888 3169 909 3227 7
928 3156 978 3210 uix
991 3157 1019 3211 A
1039 3159 1069 3225 (7
1083 3158 1115 3210 ia

83 3242 141 3282 rae.
160 3225 212 3296 A⁵)
239 3224 250 3299 Η
276 3172 312 3281 ll
330 3225 496 3295 proficiente
513 3226 545 3282 F
562 3234 589 3283 et
604 3227 675 3298 aclp.
691 3226 871 3310 proficientes
885 3228 914 3282 A
926 3226 946 3354 pl
973 3226 1007 3282 17
1027 3228 1115 3282 etiarn

85 3298 114 3353 A
132 3313 201 3353 corr.
214 3297 286 3368 aolp.
303 3295 314 3370 Η
331 3296 368 3352 21
387 3297 420 3353 fit
437 3297 561 3354 infelicis
579 3299 649 3370 eolq.
664 3297 728 3352 finit
741 3297 833 3354 fehcrs
851 3304 884 3353 ut
896 3300 926 3354 ci
946 3298 1009 3354 .A¹
1022 3299 1066 3353 fiit
1080 3301 1114 3371 (ἲ)

83 3367 189 3424 ifelicis
203 3367 246 3425 A⁶
290 3384 380 3438 prava
397 3371 467 3442 oolq.
486 3385 576 3440 prauo
590 3370 619 3426 A
638 3369 650 3444 ΙΙ
670 3368 832 3426 281eniore
850 3373 930 3440 (corr.
945 3387 979 3426 ea
997 3370 1115 3442 leniore)

85 3441 114 3496 A
137 3439 149 3514 ΙΙ
172 3439 209 3497 25
277 3457 377 3498 aarum
395 3441 438 3498 Α5
460 3441 473 3516 ΙΙ
495 3441 531 3498 27
551 3443 728 3498 scrutantum
742 3443 770 3499 A
789 3459 858 3500 corr.
878 3444 946 3515 culp.
970 3443 981 3516 ll
1005 3443 1041 3500 29
1064 3443 1115 3499 ad·

84 3512 167 3640 {requi
180 3512 349 3643 Adadgrqui
366 3513 467 3572 Triller
484 3515 544 3572 coll.
559 3515 628 3572 dial.
644 3516 729 3584 Vso,
742 3519 759 3571 2
774 3513 1045 3590 minumum
1061 3513 1112 3563 ab*

130 3601 206 3656 agen
226 3602 275 3640 um
