2438 3846
115 149 181 216 250
308 148 339 202 L.
351 143 496 202 'ANNsnt
515 147 680 204 SENECAE
699 147 794 203 DIAL.
809 147 876 202 LIB.
891 147 937 202 IX.

114 293 387 379 peregrinationes
416 294 636 378 suscipiuntur
663 316 763 380 vagae
791 297 824 358 et
846 294 869 376 i
891 294 1046 358 inlitora
1069 316 1138 378 per-

114 387 261 448 errantur
284 387 317 447 et
339 384 435 448 modo
459 386 540 460 mari
559 407 593 449 se
612 385 708 449 modo
727 388 812 448 terra
831 383 995 467 experitur
1012 406 1139 468 semper

114 472 336 556 praesentibus
364 473 483 538 infesta
509 475 632 539 levitas.
684 473 787 539 ‘nuuc
815 471 1023 557 Campaniam
1051 477 1138 558 peta·

114 561 208 626 mus?
256 562 321 626 iam
350 563 486 629 delicata
513 563 644 629 fastidio
673 567 761 629 sunt:
795 563 933 628 ‘inculta
959 563 1138 644 videantur,

114 650 260 716 Bruttios
298 655 330 716 et
366 651 527 718 Lucaniae
565 654 665 718 saltus
704 651 955 736 persequamur?
1014 651 1138 736 aliquid
1167 673 1177 714 s

113 743 221 803 tamen
240 741 324 805 inter
342 740 468 807 deserta
486 743 613 807 amoeni
631 743 819 825 requiritur,
841 742 877 805 in
895 762 959 825 quo
977 741 1137 806 luxuriosi

114 829 199 892 oculi
230 830 329 916 longo
362 832 509 897 locorum
536 832 737 896 horrentium
766 831 914 914 squalore
941 830 1136 896 releventur:

114 916 303 984 ‘Tarentum
328 923 457 1005 petatur
478 922 692 1004 laudatusque
715 924 828 1004 portus
852 923 885 985 et
902 919 1039 985 hiberna
1057 920 1137 986 caeli

113 1007 250 1073 mitioris
284 1012 316 1074 et
342 1010 431 1095 regio
459 1011 512 1075 vel
539 1011 690 1094 antiquae
718 1011 796 1075 satis
826 1010 980 1094 opulenta
1003 1009 1136 1074 turbae'

112 1093 232 1163 *nimis
256 1098 312 1163 diu
331 1121 350 1162 a
367 1100 484 1183 plausu
507 1104 540 1164 et
557 1100 685 1186 fragore
704 1121 796 1164 aures
815 1102 1025 1183 vacaverunt,
1048 1099 1137 1163 iuvat
1154 1121 1178 1160 rc

112 1184 176 1250 iam
200 1190 232 1250 et
253 1187 396 1252 humano
421 1190 576 1274 sanguine
594 1190 672 1253 frui:
695 1189 800 1254 *Ham
819 1189 986 1253 flectamus
1006 1210 1135 1254 cursum

60 1291 93 1339 14
113 1275 152 1339 ad
175 1274 332 1341 urbem'*
369 1277 456 1341 aliud
480 1300 520 1342 ex
542 1279 606 1343 alio
630 1280 692 1344 iter
710 1278 884 1362 suscipitur
902 1282 934 1343 et
953 1278 1136 1362 spectacula

112 1366 303 1449 spectaculis
327 1371 502 1432 mutantur.
548 1371 585 1432 ut
607 1369 654 1433 ait
675 1367 857 1433 Lueretius:

335 1489 389 1543 hoe
408 1505 438 1544 se
458 1489 576 1559 quisque
594 1489 679 1544 modo
699 1506 809 1558 semper
827 1487 909 1558 fugit.

113 1597 169 1662 sed
193 1598 271 1682 quid
294 1598 440 1683 prodest,
464 1599 581 1666 sinon
604 1599 739 1686 effugit?
785 1599 931 1684 sequitur
955 1621 988 1664 se
1011 1599 1080 1683 ipse
1105 1603 1136 1664 et
1154 1618 1177 1659 n

59 1701 92 1750 15
112 1691 207 1772 urget
238 1688 446 1773 gravissimus
476 1711 592 1754 comes.
642 1690 751 1774 itaque
780 1689 861 1754 scire
889 1689 1041 1753 debemus
1069 1710 1136 1753 non

111 1775 258 1840 locorum
282 1777 397 1843 vitium
421 1799 490 1844 esse
514 1800 578 1862 quo
601 1778 800 1862 laboramus,
823 1779 878 1844 sed
900 1781 1062 1844 nostrum:
1089 1778 1136 1842 in·

111 1864 196 1930 firmi
220 1888 330 1932 sumus
349 1868 389 1932 ad
406 1887 502 1932 'omne
521 1868 739 1952 tolerandum,
760 1890 820 1934 nec
838 1869 957 1932 laboris
977 1868 1135 1952 patientes

15 2006 16 2011 1
111 1976 170 2019 neo
192 1956 369 2041 voluptatis
396 1978 457 2022 neo
483 1957 587 2022 nostri
614 1979 673 2022 nec
699 1958 797 2022 ullius
826 1958 873 2022 rei
897 1956 1025 2022 diutius.
1071 1956 1135 2022 hoc

112 2045 269 2128 quosdam
299 2046 366 2133 egit
393 2047 434 2110 ad
461 2050 612 2129 mortem,
644 2046 731 2130 quod
758 2047 925 2131 proposita
948 2068 1042 2130 saepe
1065 2068 1136 2111 mu·
1154 2067 1179 2107 so

112 2132 210 2198 tando
239 2134 273 2199 in
301 2136 412 2200 eadem
439 2135 688 2201 revolvebantur
715 2138 748 2200 et
769 2157 836 2200 non
859 2136 1057 2219 reliquerant
1079 2157 1135 2200 no-

111 2222 204 2288 vitati
236 2224 358 2290 locum:
393 2223 524 2289 fastidio
557 2246 626 2291 esse
658 2224 723 2289 illis
757 2225 864 2310 eoepit
896 2225 963 2289 vita
1000 2228 1033 2290 et
1065 2224 1135 2310 ipse

111 2313 265 2397 mundus,
283 2317 315 2379 et
333 2315 422 2379 subit
439 2313 520 2378 illud
534 2314 715 2379 tabidarum
731 2313 931 2380 deliciarum:
950 2315 1135 2400 ‘quousque

112 2401 260 2467 eadem?'

200 2612 236 2668 14
254 2615 364 2669 Lucret.
379 2615 435 2668 ΙΙΙ
450 2617 522 2669 1066
540 2614 655 2684 Bricper

200 2738 216 2793 1
232 2737 385 2793 &inlitora
398 2739 426 2793 A
445 2739 475 2792 et
487 2737 573 2792 litora
588 2738 658 2809 coip.
678 2740 707 2793 et
720 2738 798 2794 mille
812 2755 878 2795 orae
894 2739 977 2795 Gertz
995 2741 1025 2794 et
1039 2739 1135 2795 aliene

111 2809 196 2864 litora
214 2811 369 2880 scripserim
386 2810 446 2866 coil.
461 2811 537 2879 epist.
553 2814 579 2877 4,
594 2814 628 2865 11
648 2816 674 2865 et
692 2815 754 2878 101,
767 2815 801 2878 6;
820 2813 892 2866 idern
906 2813 1053 2880 proposuit
1070 2813 1133 2867 Job.

111 2882 218 2935 Mutet
236 2883 265 2936 et
278 2881 414 2935 ulteriora
428 2881 565 2936 Schultess
579 2880 589 2953 li
606 2880 791 2937 intueantur
804 2885 832 2937 A
846 2883 973 2937 visantur
986 2883 1028 2938 nei
1036 2886 1135 2953 potins

111 2953 251 3007 adeantur
265 2954 395 3023 Maduip,
416 2953 464 3022 qui
480 2952 513 3006 de
526 2954 661 3009 orationis
674 2954 765 3021 torano
778 2961 804 3009 et
816 2956 1035 3024 interpunctione
1049 2957 1135 3013 totius

111 3024 164 3079 ioci
184 3026 294 3093 priam
317 3031 388 3079 recte
410 3024 548 3079 iudicarit
568 3023 579 3096 ii
603 3023 621 3078 5
644 3024 770 3080 lucaniae
793 3032 824 3080 ut
841 3027 896 3081 oid.
916 3025 958 3081 A¹
976 3043 1044 3081 corr.
1064 3026 1107 3081 A'
1123 3027 1135 3100 ii

110 3095 129 3149 c
147 3095 300 3165 requiritur
314 3095 631 3152 Uiuianum-Schmidt
646 3113 691 3165 op.
707 3097 885 3166 Moduipiunt
903 3097 1064 3166 requiratur
1078 3098 1106 3152 A
1123 3106 1136 3162 Η

110 3166 128 3222 8
151 3166 306 3236 laudatque
327 3168 356 3222 A
383 3183 452 3222 corr.
473 3169 540 3238 coip.
569 3167 579 3239 ii
607 3167 625 3221 9
651 3168 862 3238 regioFictert
886 3170 963 3223 recto
984 3169 1012 3223 A
1040 3169 1044 3241 i
1070 3176 1135 3238 post

110 3237 211 3293 turbae
236 3241 268 3294 in
290 3239 318 3293 A
344 3239 428 3293 aerbo
453 3244 548 3294 emant
574 3238 633 3292 iam
660 3238 807 3294 flectamus
833 3256 945 3293 camum
971 3239 1008 3293 ad
1033 3239 1134 3295 urbem

110 3327 180 3381 quae
202 3313 234 3366 in
256 3328 280 3366 u.
296 3315 330 3365 11
351 3316 417 3380 post
440 3310 497 3365 frui
517 3310 599 3366 Gertz
623 3313 806 3381 transposuit,
831 3318 863 3366 ut
885 3312 1019 3367 orationis
1040 3313 1134 3380 forne

109 3384 239 3438 instituta
257 3389 411 3439 sacurem
427 3381 441 3466 ii
456 3382 491 3437 19
505 3383 594 3437 nostri
607 3384 650 3438 A¹
663 3384 735 3453 qnod
752 3385 810 3438 iam
827 3385 890 3453 ipsu
907 3401 943 3438 n.
959 3388 975 3437 1
992 3383 1048 3438 cuii.
1063 3401 1133 3440 corr.

110 3455 141 3508 in
158 3456 273 3509 nostrae
293 3453 304 3528 ΙΙ
328 3453 364 3508 28
381 3452 545 3509 tabidarum
563 3455 680 3525 Inpsius
701 3454 865 3510 rabidarum
883 3455 912 3510 A
937 3454 941 3526 Ι
968 3471 1133 3525 quousque

95 3539 132 3576 ee
151 3525 210 3580 dee
218 3528 251 3581 A
270 3529 299 3596 (a
319 3525 374 3582 dee
392 3528 424 3583 in
442 3544 498 3585 ras.
514 3544 548 3584 ru.
563 3529 627 3598 rec.)
