<?xml version="1.0" encoding="UTF-8"?>
<!DOCTYPE html PUBLIC "-//W3C//DTD XHTML 1.0 Transitional//EN"
    "http://www.w3.org/TR/xhtml1/DTD/xhtml1-transitional.dtd">
<html xmlns="http://www.w3.org/1999/xhtml" xml:lang="en" lang="en">
 <head>
  <title>
</title>
<meta http-equiv="Content-Type" content="text/html;charset=utf-8" />
  <meta name='ocr-system' content='tesseract 3.04.00' />
  <meta name='ocr-capabilities' content='ocr_page ocr_carea ocr_par ocr_line ocrx_word'/>
</head>
<body>
  <div class='ocr_page' id='page_1' title='image "./lannaeisenecaeo02senegoog/lannaeisenecaeo02senegoog_0135.png"; bbox 0 0 2438 3846; ppageno 0'>
   <div class='ocr_carea' id='block_1_1' title="bbox 383 157 1128 231">
    <p class='ocr_par' dir='ltr' id='par_1_1' title="bbox 383 157 1128 231">
     <span class='ocr_line' id='line_1_1' title="bbox 383 157 1128 231; baseline 0.011 -18"><span class='ocrx_word' id='word_1_1' title='bbox 383 159 433 214; x_wconf 81' lang='lat' dir='ltr'>DE</span> <span class='ocrx_word' id='word_1_2' title='bbox 451 158 516 214; x_wconf 86' lang='lat' dir='ltr'>IRA</span> <span class='ocrx_word' id='word_1_3' title='bbox 535 157 603 214; x_wconf 85' lang='lat' dir='ltr'><strong>LIB.</strong></span> <span class='ocrx_word' id='word_1_4' title='bbox 618 158 666 215; x_wconf 87' lang='lat' dir='ltr'>HL</span> <span class='ocrx_word' id='word_1_5' title='bbox 699 157 776 215; x_wconf 83' lang='lat' dir='ltr'>oAP.</span> <span class='ocrx_word' id='word_1_6' title='bbox 793 164 849 215; x_wconf 75' lang='lat'>1.2</span> <span class='ocrx_word' id='word_1_7' title='bbox 1064 164 1128 231; x_wconf 89' lang='lat'>109</span> 
     </span>
    </p>
   </div>
   <div class='ocr_carea' id='block_1_2' title="bbox 71 303 1164 925">
    <p class='ocr_par' dir='ltr' id='par_1_2' title="bbox 71 303 1164 925">
     <span class='ocr_line' id='line_1_2' title="bbox 102 303 1164 392; baseline 0.003 -21"><span class='ocrx_word' id='word_1_8' title='bbox 102 306 159 372; x_wconf 85' lang='lat' dir='ltr'>sed</span> <span class='ocrx_word' id='word_1_9' title='bbox 181 306 217 371; x_wconf 91' lang='lat' dir='ltr'>in</span> <span class='ocrx_word' id='word_1_10' title='bbox 240 303 440 372; x_wconf 76' lang='lat' dir='ltr'>occurrentia</span> <span class='ocrx_word' id='word_1_11' title='bbox 463 304 505 370; x_wconf 91' lang='lat' dir='ltr'>ob</span> <span class='ocrx_word' id='word_1_12' title='bbox 529 303 591 370; x_wconf 85' lang='lat' dir='ltr'>iter</span> <span class='ocrx_word' id='word_1_13' title='bbox 612 303 700 369; x_wconf 85' lang='lat' dir='ltr'>furit.</span> <span class='ocrx_word' id='word_1_14' title='bbox 737 308 844 371; x_wconf 86' lang='lat' dir='ltr'>cetera</span> <span class='ocrx_word' id='word_1_15' title='bbox 865 305 946 372; x_wconf 82' lang='lat' dir='ltr'>vitia</span> <span class='ocrx_word' id='word_1_16' title='bbox 967 305 1164 392; x_wconf 76' lang='lat' dir='ltr'>inpelluntt</span> 
     </span>
     <span class='ocr_line' id='line_1_3' title="bbox 103 392 1129 479; baseline 0.001 -18"><span class='ocrx_word' id='word_1_17' title='bbox 103 396 243 479; x_wconf 88' lang='lat' dir='ltr'>animos,</span> <span class='ocrx_word' id='word_1_18' title='bbox 272 394 320 459; x_wconf 89' lang='lat' dir='ltr'>ira</span> <span class='ocrx_word' id='word_1_19' title='bbox 348 392 546 479; x_wconf 83' lang='lat' dir='ltr'>praecipitet.</span> <span class='ocrx_word' id='word_1_20' title='bbox 610 393 690 458; x_wconf 85' lang='lat' dir='ltr'>tiam</span> <span class='ocrx_word' id='word_1_21' title='bbox 717 393 746 459; x_wconf 86' lang='lat' dir='ltr'>si</span> <span class='ocrx_word' id='word_1_22' title='bbox 772 394 920 471; x_wconf 70' lang='lat' dir='ltr'>resistere</span> <span class='ocrx_word' id='word_1_23' title='bbox 947 398 1061 462; x_wconf 84' lang='lat' dir='ltr'>contre</span> <span class='ocrx_word' id='word_1_24' title='bbox 1083 396 1129 462; x_wconf 82' lang='lat' dir='ltr'>af·</span> 
     </span>
     <span class='ocr_line' id='line_1_4' title="bbox 102 472 1129 569; baseline 0.004 -21"><span class='ocrx_word' id='word_1_25' title='bbox 102 484 206 551; x_wconf 89' lang='lat' dir='ltr'>fectus</span> <span class='ocrx_word' id='word_1_26' title='bbox 239 505 314 549; x_wconf 86' lang='lat' dir='ltr'>suos</span> <span class='ocrx_word' id='word_1_27' title='bbox 345 503 414 550; x_wconf 89' lang='lat' dir='ltr'>non</span> <span class='ocrx_word' id='word_1_28' title='bbox 444 482 535 567; x_wconf 86' lang='lat' dir='ltr'>licet,</span> <span class='ocrx_word' id='word_1_29' title='bbox 566 486 601 548; x_wconf 86' lang='lat' dir='ltr'>at</span> <span class='ocrx_word' id='word_1_30' title='bbox 632 485 717 549; x_wconf 87' lang='lat' dir='ltr'>certe</span> <span class='ocrx_word' id='word_1_31' title='bbox 747 472 915 550; x_wconf 78' lang='lat' dir='ltr'>effectibus</span> <span class='ocrx_word' id='word_1_32' title='bbox 942 483 1022 569; x_wconf 87' lang='lat' dir='ltr'>ipsis</span> <span class='ocrx_word' id='word_1_33' title='bbox 1050 485 1129 552; x_wconf 87' lang='lat' dir='ltr'>licet</span> 
     </span>
     <span class='ocr_line' id='line_1_5' title="bbox 103 572 1128 659; baseline 0.001 -20"><span class='ocrx_word' id='word_1_34' title='bbox 103 579 201 640; x_wconf 88' lang='lat' dir='ltr'>stare:</span> <span class='ocrx_word' id='word_1_35' title='bbox 237 572 317 639; x_wconf 87' lang='lat' dir='ltr'>haec</span> <span class='ocrx_word' id='word_1_36' title='bbox 345 594 413 639; x_wconf 92' lang='lat' dir='ltr'>non</span> <span class='ocrx_word' id='word_1_37' title='bbox 442 593 533 638; x_wconf 84' lang='lat' dir='ltr'>secus</span> <span class='ocrx_word' id='word_1_38' title='bbox 564 593 662 658; x_wconf 88' lang='lat' dir='ltr'>qnam</span> <span class='ocrx_word' id='word_1_39' title='bbox 689 572 827 638; x_wconf 80' lang='lat' dir='ltr'><strong>fulmina</strong></span> <span class='ocrx_word' id='word_1_40' title='bbox 849 573 1073 659; x_wconf 78' lang='lat' dir='ltr'>procellaeque</span> <span class='ocrx_word' id='word_1_41' title='bbox 1095 578 1128 640; x_wconf 91' lang='lat' dir='ltr'>et</span> 
     </span>
     <span class='ocr_line' id='line_1_6' title="bbox 71 661 1128 748; baseline 0.003 -21"><span class='ocrx_word' id='word_1_42' title='bbox 71 664 131 728; x_wconf 82' lang='lat' dir='ltr'>ssi</span> <span class='ocrx_word' id='word_1_43' title='bbox 168 685 232 748; x_wconf 89' lang='lat' dir='ltr'>qua</span> <span class='ocrx_word' id='word_1_44' title='bbox 265 662 329 728; x_wconf 84' lang='lat' dir='ltr'>alia</span> <span class='ocrx_word' id='word_1_45' title='bbox 359 661 588 728; x_wconf 82' lang='lat' dir='ltr'>inrevocabilis</span> <span class='ocrx_word' id='word_1_46' title='bbox 619 665 709 746; x_wconf 86' lang='lat' dir='ltr'>sunt,</span> <span class='ocrx_word' id='word_1_47' title='bbox 741 662 817 746; x_wconf 88' lang='lat' dir='ltr'>quia</span> <span class='ocrx_word' id='word_1_48' title='bbox 848 684 916 728; x_wconf 92' lang='lat' dir='ltr'>non</span> <span class='ocrx_word' id='word_1_49' title='bbox 947 667 1039 748; x_wconf 89' lang='lat' dir='ltr'>eunt,</span> <span class='ocrx_word' id='word_1_50' title='bbox 1072 665 1128 730; x_wconf 82' lang='lat' dir='ltr'>sed</span> 
     </span>
     <span class='ocr_line' id='line_1_7' title="bbox 103 750 1163 838; baseline -0.001 -20"><span class='ocrx_word' id='word_1_51' title='bbox 103 752 236 837; x_wconf 84' lang='lat' dir='ltr'>eadunt,</span> <span class='ocrx_word' id='word_1_52' title='bbox 259 753 326 817; x_wconf 81' lang='lat' dir='ltr'>vim</span> <span class='ocrx_word' id='word_1_53' title='bbox 349 773 441 818; x_wconf 90' lang='lat' dir='ltr'>suam</span> <span class='ocrx_word' id='word_1_54' title='bbox 464 751 568 838; x_wconf 89' lang='lat' dir='ltr'>magis</span> <span class='ocrx_word' id='word_1_55' title='bbox 591 772 629 816; x_wconf 87' lang='lat' dir='ltr'>ae</span> <span class='ocrx_word' id='word_1_56' title='bbox 651 750 755 837; x_wconf 89' lang='lat' dir='ltr'>magis</span> <span class='ocrx_word' id='word_1_57' title='bbox 778 751 926 836; x_wconf 73' lang='lat' dir='ltr'>intendit.</span> <span class='ocrx_word' id='word_1_58' title='bbox 963 751 1027 817; x_wconf 87' lang='lat' dir='ltr'>alia</span> <span class='ocrx_word' id='word_1_59' title='bbox 1048 753 1163 819; x_wconf 78' lang='lat' dir='ltr'>vitiae</span> 
     </span>
     <span class='ocr_line' id='line_1_8' title="bbox 103 839 1127 925; baseline 0.002 -19"><span class='ocrx_word' id='word_1_60' title='bbox 103 866 122 907; x_wconf 85' lang='lat' dir='ltr'>e</span> <span class='ocrx_word' id='word_1_61' title='bbox 145 842 283 925; x_wconf 87' lang='lat' dir='ltr'>ratione,</span> <span class='ocrx_word' id='word_1_62' title='bbox 304 841 369 907; x_wconf 89' lang='lat' dir='ltr'>hoc</span> <span class='ocrx_word' id='word_1_63' title='bbox 391 864 411 906; x_wconf 87' lang='lat' dir='ltr'>a</span> <span class='ocrx_word' id='word_1_64' title='bbox 433 841 570 906; x_wconf 86' lang='lat' dir='ltr'>sanitate</span> <span class='ocrx_word' id='word_1_65' title='bbox 593 839 756 924; x_wconf 83' lang='lat' dir='ltr'>desciscit3</span> <span class='ocrx_word' id='word_1_66' title='bbox 783 840 848 905; x_wconf 85' lang='lat' dir='ltr'>alie</span> <span class='ocrx_word' id='word_1_67' title='bbox 870 861 1017 907; x_wconf 79' lang='lat' dir='ltr'>accessus</span> <span class='ocrx_word' id='word_1_68' title='bbox 1038 842 1127 909; x_wconf 91' lang='lat' dir='ltr'>lenes</span> 
     </span>
    </p>
   </div>
   <div class='ocr_carea' id='block_1_3' title="bbox 22 928 1129 1533">
    <p class='ocr_par' dir='ltr' id='par_1_3' title="bbox 103 928 1129 997">
     <span class='ocr_line' id='line_1_9' title="bbox 103 928 1129 997; baseline 0 -1"><span class='ocrx_word' id='word_1_69' title='bbox 103 931 223 997; x_wconf 91' lang='lat' dir='ltr'>habent</span> <span class='ocrx_word' id='word_1_70' title='bbox 252 935 285 996; x_wconf 89' lang='lat' dir='ltr'>et</span> <span class='ocrx_word' id='word_1_71' title='bbox 313 931 510 996; x_wconf 88' lang='lat' dir='ltr'>incrementa</span> <span class='ocrx_word' id='word_1_72' title='bbox 539 929 698 994; x_wconf 85' lang='lat' dir='ltr'>fallentia:</span> <span class='ocrx_word' id='word_1_73' title='bbox 733 928 873 995; x_wconf 86' lang='lat' dir='ltr'>inirem</span> <span class='ocrx_word' id='word_1_74' title='bbox 896 930 1038 996; x_wconf 83' lang='lat' dir='ltr'>deiectus</span> <span class='ocrx_word' id='word_1_75' title='bbox 1062 931 1129 996; x_wconf 90' lang='lat' dir='ltr'>ani·</span> 
     </span>
    </p>

    <p class='ocr_par' dir='ltr' id='par_1_4' title="bbox 58 1019 1129 1195">
     <span class='ocr_line' id='line_1_10' title="bbox 103 1019 1129 1106; baseline 0 -21"><span class='ocrx_word' id='word_1_76' title='bbox 103 1043 231 1086; x_wconf 88' lang='lat' dir='ltr'>morum</span> <span class='ocrx_word' id='word_1_77' title='bbox 255 1023 312 1086; x_wconf 85' lang='lat' dir='ltr'>est.</span> <span class='ocrx_word' id='word_1_78' title='bbox 356 1021 448 1085; x_wconf 76' lang='lat' dir='ltr'>nulla</span> <span class='ocrx_word' id='word_1_79' title='bbox 473 1019 584 1104; x_wconf 86' lang='lat' dir='ltr'>itaque</span> <span class='ocrx_word' id='word_1_80' title='bbox 611 1040 662 1084; x_wconf 86' lang='lat' dir='ltr'>res</span> <span class='ocrx_word' id='word_1_81' title='bbox 690 1023 785 1106; x_wconf 88' lang='lat' dir='ltr'>urget</span> <span class='ocrx_word' id='word_1_82' title='bbox 807 1019 911 1106; x_wconf 85' lang='lat' dir='ltr'>magis</span> <span class='ocrx_word' id='word_1_83' title='bbox 935 1019 1073 1085; x_wconf 84' lang='lat' dir='ltr'>attonita</span> <span class='ocrx_word' id='word_1_84' title='bbox 1096 1025 1129 1086; x_wconf 89' lang='lat' dir='ltr'>et</span> 
     </span>
     <span class='ocr_line' id='line_1_11' title="bbox 58 1108 1128 1195; baseline 0.005 -24"><span class='ocrx_word' id='word_1_85' title='bbox 58 1131 85 1171; x_wconf 85' lang='grc' dir='ltr'>ιο</span> <span class='ocrx_word' id='word_1_86' title='bbox 104 1111 137 1174; x_wconf 89' lang='lat' dir='ltr'>in</span> <span class='ocrx_word' id='word_1_87' title='bbox 168 1109 252 1174; x_wconf 82' lang='lat' dir='ltr'>vires</span> <span class='ocrx_word' id='word_1_88' title='bbox 276 1130 349 1175; x_wconf 85' lang='lat' dir='ltr'>suas</span> <span class='ocrx_word' id='word_1_89' title='bbox 376 1131 479 1194; x_wconf 89' lang='lat' dir='ltr'>prona</span> <span class='ocrx_word' id='word_1_90' title='bbox 509 1113 554 1194; x_wconf 86' lang='lat' dir='ltr'>et,</span> <span class='ocrx_word' id='word_1_91' title='bbox 585 1108 653 1174; x_wconf 88' lang='lat' dir='ltr'>sive</span> <span class='ocrx_word' id='word_1_92' title='bbox 683 1109 850 1194; x_wconf 82' lang='lat' dir='ltr'>successit,</span> <span class='ocrx_word' id='word_1_93' title='bbox 880 1108 1031 1195; x_wconf 86' lang='lat' dir='ltr'>superba,</span> <span class='ocrx_word' id='word_1_94' title='bbox 1060 1109 1128 1176; x_wconf 81' lang='lat' dir='ltr'>sire</span> 
     </span>
    </p>

    <p class='ocr_par' dir='ltr' id='par_1_5' title="bbox 22 1197 1129 1533">
     <span class='ocr_line' id='line_1_12' title="bbox 103 1197 1128 1284; baseline 0 -20"><span class='ocrx_word' id='word_1_95' title='bbox 103 1199 289 1283; x_wconf 85' lang='lat' dir='ltr'>frustratur,</span> <span class='ocrx_word' id='word_1_96' title='bbox 311 1199 438 1283; x_wconf 83' lang='lat' dir='ltr'>insana3</span> <span class='ocrx_word' id='word_1_97' title='bbox 459 1220 501 1263; x_wconf 90' lang='lat' dir='ltr'>ne</span> <span class='ocrx_word' id='word_1_98' title='bbox 522 1199 653 1283; x_wconf 88' lang='lat' dir='ltr'>repulsa</span> <span class='ocrx_word' id='word_1_99' title='bbox 675 1197 806 1283; x_wconf 88' lang='lat' dir='ltr'>quidem</span> <span class='ocrx_word' id='word_1_100' title='bbox 828 1198 864 1262; x_wconf 89' lang='lat' dir='ltr'>in</span> <span class='ocrx_word' id='word_1_101' title='bbox 885 1198 1028 1264; x_wconf 84' lang='lat' dir='ltr'>taedium</span> <span class='ocrx_word' id='word_1_102' title='bbox 1047 1203 1128 1284; x_wconf 83' lang='lat' dir='ltr'>aete,</span> 
     </span>
     <span class='ocr_line' id='line_1_13' title="bbox 22 1287 1127 1373; baseline 0.001 -20"><span class='ocrx_word' id='word_1_103' title='bbox 22 1366 24 1371; x_wconf 23' lang='grc' dir='ltr'>Ι</span> <span class='ocrx_word' id='word_1_104' title='bbox 103 1287 160 1353; x_wconf 93' lang='lat' dir='ltr'>ubi</span> <span class='ocrx_word' id='word_1_105' title='bbox 189 1287 407 1354; x_wconf 83' lang='lat' dir='ltr'>adversarium</span> <span class='ocrx_word' id='word_1_106' title='bbox 436 1287 568 1353; x_wconf 86' lang='lat' dir='ltr'>fortuna</span> <span class='ocrx_word' id='word_1_107' title='bbox 596 1287 765 1371; x_wconf 85' lang='lat' dir='ltr'>subduxit,</span> <span class='ocrx_word' id='word_1_108' title='bbox 791 1287 827 1352; x_wconf 90' lang='lat' dir='ltr'>in</span> <span class='ocrx_word' id='word_1_109' title='bbox 849 1308 883 1353; x_wconf 89' lang='lat' dir='ltr'>se</span> <span class='ocrx_word' id='word_1_110' title='bbox 906 1287 978 1373; x_wconf 84' lang='lat' dir='ltr'>ipsa</span> <span class='ocrx_word' id='word_1_111' title='bbox 1000 1309 1127 1354; x_wconf 83' lang='lat' dir='ltr'>morsus</span> 
     </span>
     <span class='ocr_line' id='line_1_14' title="bbox 104 1376 1129 1464; baseline 0 -22"><span class='ocrx_word' id='word_1_112' title='bbox 104 1399 179 1442; x_wconf 89' lang='lat' dir='ltr'>suos</span> <span class='ocrx_word' id='word_1_113' title='bbox 202 1377 307 1443; x_wconf 82' lang='lat' dir='ltr'>vertit.</span> <span class='ocrx_word' id='word_1_114' title='bbox 348 1398 408 1444; x_wconf 89' lang='lat' dir='ltr'>nec</span> <span class='ocrx_word' id='word_1_115' title='bbox 430 1378 527 1443; x_wconf 86' lang='lat' dir='ltr'>refert</span> <span class='ocrx_word' id='word_1_116' title='bbox 550 1381 708 1463; x_wconf 89' lang='lat' dir='ltr'>qnantum</span> <span class='ocrx_word' id='word_1_117' title='bbox 732 1376 774 1441; x_wconf 88' lang='lat' dir='ltr'>sit</span> <span class='ocrx_word' id='word_1_118' title='bbox 797 1398 837 1442; x_wconf 87' lang='lat' dir='ltr'>ex</span> <span class='ocrx_word' id='word_1_119' title='bbox 858 1398 922 1461; x_wconf 89' lang='lat' dir='ltr'>quo</span> <span class='ocrx_word' id='word_1_120' title='bbox 941 1378 1129 1464; x_wconf 81' lang='lat' dir='ltr'>surrexerit3</span> 
     </span>
     <span class='ocr_line' id='line_1_15' title="bbox 105 1465 808 1533; baseline -0.003 -1"><span class='ocrx_word' id='word_1_121' title='bbox 105 1490 145 1532; x_wconf 86' lang='lat' dir='ltr'>ex</span> <span class='ocrx_word' id='word_1_122' title='bbox 166 1466 338 1533; x_wconf 83' lang='lat' dir='ltr'>levissimis</span> <span class='ocrx_word' id='word_1_123' title='bbox 362 1466 448 1532; x_wconf 89' lang='lat' dir='ltr'>enim</span> <span class='ocrx_word' id='word_1_124' title='bbox 470 1467 505 1531; x_wconf 91' lang='lat' dir='ltr'>in</span> <span class='ocrx_word' id='word_1_125' title='bbox 528 1465 670 1532; x_wconf 85' lang='lat' dir='ltr'>maxima</span> <span class='ocrx_word' id='word_1_126' title='bbox 693 1465 808 1531; x_wconf 82' lang='lat' dir='ltr'>evadit</span> 
     </span>
    </p>
   </div>
   <div class='ocr_carea' id='block_1_4' title="bbox 57 1572 1162 3000">
    <p class='ocr_par' dir='ltr' id='par_1_6' title="bbox 57 1572 1162 3000">
     <span class='ocr_line' id='line_1_16' title="bbox 59 1572 1162 1657; baseline 0.005 -23"><span class='ocrx_word' id='word_1_127' title='bbox 59 1595 86 1634; x_wconf 79' lang='lat' dir='ltr'>rs</span> <span class='ocrx_word' id='word_1_128' title='bbox 193 1572 234 1639; x_wconf 87' lang='lat'>11.</span> <span class='ocrx_word' id='word_1_129' title='bbox 279 1573 414 1640; x_wconf 83' lang='lat' dir='ltr'>Nullam</span> <span class='ocrx_word' id='word_1_130' title='bbox 450 1573 567 1639; x_wconf 78' lang='lat' dir='ltr'>transit</span> <span class='ocrx_word' id='word_1_131' title='bbox 602 1576 754 1657; x_wconf 86' lang='lat' dir='ltr'>aetatem,</span> <span class='ocrx_word' id='word_1_132' title='bbox 793 1574 921 1638; x_wconf 86' lang='lat' dir='ltr'>nullum</span> <span class='ocrx_word' id='word_1_133' title='bbox 956 1573 1162 1639; x_wconf 89' lang='lat' dir='ltr'>hominum1</span> 
     </span>
     <span class='ocr_line' id='line_1_17' title="bbox 105 1661 1129 1750; baseline 0 -22"><span class='ocrx_word' id='word_1_134' title='bbox 105 1685 206 1750; x_wconf 88' lang='lat' dir='ltr'>genus</span> <span class='ocrx_word' id='word_1_135' title='bbox 229 1663 356 1748; x_wconf 82' lang='lat' dir='ltr'>excipit.</span> <span class='ocrx_word' id='word_1_136' title='bbox 395 1663 552 1748; x_wconf 88' lang='lat' dir='ltr'>quaedam</span> <span class='ocrx_word' id='word_1_137' title='bbox 575 1666 686 1748; x_wconf 82' lang='lat' dir='ltr'>gentes</span> <span class='ocrx_word' id='word_1_138' title='bbox 709 1661 866 1729; x_wconf 87' lang='lat' dir='ltr'>beneficio</span> <span class='ocrx_word' id='word_1_139' title='bbox 889 1663 1041 1749; x_wconf 80' lang='lat' dir='ltr'>egestatis</span> <span class='ocrx_word' id='word_1_140' title='bbox 1061 1684 1129 1729; x_wconf 90' lang='lat' dir='ltr'>non</span> 
     </span>
     <span class='ocr_line' id='line_1_18' title="bbox 104 1750 1128 1840; baseline 0 -23"><span class='ocrx_word' id='word_1_141' title='bbox 104 1775 221 1818; x_wconf 89' lang='lat' dir='ltr'>novere</span> <span class='ocrx_word' id='word_1_142' title='bbox 252 1752 429 1837; x_wconf 82' lang='lat' dir='ltr'>luxuriam3</span> <span class='ocrx_word' id='word_1_143' title='bbox 465 1750 637 1836; x_wconf 84' lang='lat' dir='ltr'>quaedam,</span> <span class='ocrx_word' id='word_1_144' title='bbox 669 1751 745 1836; x_wconf 86' lang='lat' dir='ltr'>quia</span> <span class='ocrx_word' id='word_1_145' title='bbox 777 1751 934 1818; x_wconf 85' lang='lat' dir='ltr'>exercitae</span> <span class='ocrx_word' id='word_1_146' title='bbox 966 1756 999 1818; x_wconf 89' lang='lat' dir='ltr'>et</span> <span class='ocrx_word' id='word_1_147' title='bbox 1027 1773 1128 1840; x_wconf 82' lang='lat' dir='ltr'>vagae</span> 
     </span>
     <span class='ocr_line' id='line_1_19' title="bbox 105 1841 1128 1929; baseline 0 -23"><span class='ocrx_word' id='word_1_148' title='bbox 105 1846 194 1926; x_wconf 90' lang='lat' dir='ltr'>sunt,</span> <span class='ocrx_word' id='word_1_149' title='bbox 217 1842 357 1929; x_wconf 83' lang='lat' dir='ltr'>effugere</span> <span class='ocrx_word' id='word_1_150' title='bbox 380 1841 559 1928; x_wconf 84' lang='lat' dir='ltr'>pigritiam3</span> <span class='ocrx_word' id='word_1_151' title='bbox 583 1841 700 1926; x_wconf 89' lang='lat' dir='ltr'>quibus</span> <span class='ocrx_word' id='word_1_152' title='bbox 722 1841 864 1906; x_wconf 86' lang='lat' dir='ltr'>incultus</span> <span class='ocrx_word' id='word_1_153' title='bbox 887 1863 958 1908; x_wconf 88' lang='lat' dir='ltr'>mos</span> <span class='ocrx_word' id='word_1_154' title='bbox 979 1841 1128 1928; x_wconf 88' lang='lat' dir='ltr'>agrestis·</span> 
     </span>
     <span class='ocr_line' id='line_1_20' title="bbox 106 1930 1129 2017; baseline 0.001 -21"><span class='ocrx_word' id='word_1_155' title='bbox 106 1953 168 2014; x_wconf 89' lang='lat' dir='ltr'>que</span> <span class='ocrx_word' id='word_1_156' title='bbox 203 1932 271 1996; x_wconf 82' lang='lat' dir='ltr'>vita</span> <span class='ocrx_word' id='word_1_157' title='bbox 307 1935 369 2015; x_wconf 91' lang='lat' dir='ltr'>est,</span> <span class='ocrx_word' id='word_1_158' title='bbox 406 1930 661 2017; x_wconf 87' lang='lat' dir='ltr'>circumscriptio</span> <span class='ocrx_word' id='word_1_159' title='bbox 693 1930 807 2017; x_wconf 84' lang='lat' dir='ltr'>ignota</span> <span class='ocrx_word' id='word_1_160' title='bbox 837 1935 887 1996; x_wconf 87' lang='lat' dir='ltr'>est</span> <span class='ocrx_word' id='word_1_161' title='bbox 916 1935 950 1997; x_wconf 90' lang='lat' dir='ltr'>et</span> <span class='ocrx_word' id='word_1_162' title='bbox 977 1931 1066 2008; x_wconf 82' lang='lat' dir='ltr'>fraus</span> <span class='ocrx_word' id='word_1_163' title='bbox 1096 1934 1129 1997; x_wconf 90' lang='lat' dir='ltr'>et</span> 
     </span>
     <span class='ocr_line' id='line_1_21' title="bbox 57 2019 1130 2108; baseline 0.003 -26"><span class='ocrx_word' id='word_1_164' title='bbox 57 2042 86 2082; x_wconf 78' lang='lat' dir='ltr'>eo</span> <span class='ocrx_word' id='word_1_165' title='bbox 105 2019 331 2105; x_wconf 85' lang='lat' dir='ltr'>quodcumque</span> <span class='ocrx_word' id='word_1_166' title='bbox 358 2021 394 2085; x_wconf 90' lang='lat' dir='ltr'>in</span> <span class='ocrx_word' id='word_1_167' title='bbox 420 2020 492 2086; x_wconf 84' lang='lat' dir='ltr'>foro</span> <span class='ocrx_word' id='word_1_168' title='bbox 515 2021 638 2085; x_wconf 86' lang='lat' dir='ltr'>melum</span> <span class='ocrx_word' id='word_1_169' title='bbox 661 2019 819 2085; x_wconf 86' lang='lat' dir='ltr'>nascitur:</span> <span class='ocrx_word' id='word_1_170' title='bbox 854 2020 946 2085; x_wconf 86' lang='lat' dir='ltr'>nulla</span> <span class='ocrx_word' id='word_1_171' title='bbox 968 2040 1047 2108; x_wconf 85' lang='lat' dir='ltr'>gens</span> <span class='ocrx_word' id='word_1_172' title='bbox 1071 2024 1130 2104; x_wconf 86' lang='lat' dir='ltr'>est,</span> 
     </span>
     <span class='ocr_line' id='line_1_22' title="bbox 105 2105 1130 2196; baseline 0.001 -22"><span class='ocrx_word' id='word_1_173' title='bbox 105 2131 202 2193; x_wconf 88' lang='lat' dir='ltr'>quam</span> <span class='ocrx_word' id='word_1_174' title='bbox 232 2132 299 2175; x_wconf 92' lang='lat' dir='ltr'>non</span> <span class='ocrx_word' id='word_1_175' title='bbox 328 2109 376 2175; x_wconf 87' lang='lat' dir='ltr'>ira</span> <span class='ocrx_word' id='word_1_176' title='bbox 404 2109 551 2196; x_wconf 75' lang='lat' dir='ltr'>instiget,</span> <span class='ocrx_word' id='word_1_177' title='bbox 580 2113 648 2174; x_wconf 85' lang='lat' dir='ltr'>tam</span> <span class='ocrx_word' id='word_1_178' title='bbox 675 2108 760 2173; x_wconf 87' lang='lat' dir='ltr'>inter</span> <span class='ocrx_word' id='word_1_179' title='bbox 787 2105 900 2175; x_wconf 78' lang='lat' dir='ltr'>Graios</span> <span class='ocrx_word' id='word_1_180' title='bbox 924 2131 1022 2194; x_wconf 87' lang='lat' dir='ltr'>quam</span> <span class='ocrx_word' id='word_1_181' title='bbox 1044 2108 1130 2175; x_wconf 90' lang='lat' dir='ltr'>inter</span> 
     </span>
     <span class='ocr_line' id='line_1_23' title="bbox 103 2197 1128 2284; baseline -0.001 -20"><span class='ocrx_word' id='word_1_182' title='bbox 103 2199 257 2265; x_wconf 88' lang='lat' dir='ltr'>barbaros</span> <span class='ocrx_word' id='word_1_183' title='bbox 280 2202 410 2284; x_wconf 87' lang='lat' dir='ltr'>potens,</span> <span class='ocrx_word' id='word_1_184' title='bbox 431 2220 499 2264; x_wconf 91' lang='lat' dir='ltr'>non</span> <span class='ocrx_word' id='word_1_185' title='bbox 521 2198 628 2263; x_wconf 90' lang='lat' dir='ltr'>minus</span> <span class='ocrx_word' id='word_1_186' title='bbox 651 2197 833 2283; x_wconf 87' lang='lat' dir='ltr'>perniciosa</span> <span class='ocrx_word' id='word_1_187' title='bbox 851 2198 939 2284; x_wconf 88' lang='lat' dir='ltr'>leges</span> <span class='ocrx_word' id='word_1_188' title='bbox 958 2197 1128 2263; x_wconf 87' lang='lat' dir='ltr'>metuenti·</span> 
     </span>
     <span class='ocr_line' id='line_1_24' title="bbox 103 2286 1162 2374; baseline 0 -22"><span class='ocrx_word' id='word_1_189' title='bbox 103 2289 164 2352; x_wconf 89' lang='lat' dir='ltr'>bus</span> <span class='ocrx_word' id='word_1_190' title='bbox 188 2311 285 2373; x_wconf 88' lang='lat' dir='ltr'>quam</span> <span class='ocrx_word' id='word_1_191' title='bbox 310 2288 425 2372; x_wconf 86' lang='lat' dir='ltr'>quibus</span> <span class='ocrx_word' id='word_1_192' title='bbox 449 2287 520 2352; x_wconf 87' lang='lat' dir='ltr'>iura</span> <span class='ocrx_word' id='word_1_193' title='bbox 543 2287 713 2374; x_wconf 87' lang='lat' dir='ltr'>distinguit</span> <span class='ocrx_word' id='word_1_194' title='bbox 736 2287 851 2353; x_wconf 88' lang='lat' dir='ltr'>modus</span> <span class='ocrx_word' id='word_1_195' title='bbox 874 2286 1001 2352; x_wconf 83' lang='lat' dir='ltr'>virium.</span> <span class='ocrx_word' id='word_1_196' title='bbox 1039 2287 1162 2352; x_wconf 71' lang='lat' dir='ltr'>deni-8</span> 
     </span>
     <span class='ocr_line' id='line_1_25' title="bbox 104 2375 1128 2464; baseline -0.002 -21"><span class='ocrx_word' id='word_1_197' title='bbox 104 2400 167 2462; x_wconf 90' lang='lat' dir='ltr'>que</span> <span class='ocrx_word' id='word_1_198' title='bbox 195 2381 301 2443; x_wconf 87' lang='lat' dir='ltr'>cetera</span> <span class='ocrx_word' id='word_1_199' title='bbox 328 2377 473 2464; x_wconf 77' lang='lat' dir='ltr'>singrlos</span> <span class='ocrx_word' id='word_1_200' title='bbox 502 2376 695 2463; x_wconf 90' lang='lat' dir='ltr'>corripiunt,</span> <span class='ocrx_word' id='word_1_201' title='bbox 717 2375 772 2441; x_wconf 89' lang='lat' dir='ltr'>hie</span> <span class='ocrx_word' id='word_1_202' title='bbox 793 2397 878 2441; x_wconf 85' lang='lat' dir='ltr'>unus</span> <span class='ocrx_word' id='word_1_203' title='bbox 893 2376 1046 2442; x_wconf 67' lang='lat' dir='ltr'>vsatifactus</span> <span class='ocrx_word' id='word_1_204' title='bbox 1070 2380 1128 2462; x_wconf 87' lang='lat' dir='ltr'>est,</span> 
     </span>
     <span class='ocr_line' id='line_1_26' title="bbox 57 2465 1127 2552; baseline 0.003 -24"><span class='ocrx_word' id='word_1_205' title='bbox 57 2487 85 2528; x_wconf 79' lang='lat' dir='ltr'>es</span> <span class='ocrx_word' id='word_1_206' title='bbox 105 2467 162 2551; x_wconf 91' lang='lat' dir='ltr'>qui</span> <span class='ocrx_word' id='word_1_207' title='bbox 193 2465 354 2533; x_wconf 85' lang='lat' dir='ltr'>interdum</span> <span class='ocrx_word' id='word_1_208' title='bbox 386 2466 515 2552; x_wconf 88' lang='lat' dir='ltr'>publice</span> <span class='ocrx_word' id='word_1_209' title='bbox 546 2465 735 2552; x_wconf 87' lang='lat' dir='ltr'>concipitur.</span> <span class='ocrx_word' id='word_1_210' title='bbox 780 2486 958 2549; x_wconf 86' lang='lat' dir='ltr'>numquam</span> <span class='ocrx_word' id='word_1_211' title='bbox 986 2466 1127 2550; x_wconf 88' lang='lat' dir='ltr'>populus</span> 
     </span>
     <span class='ocr_line' id='line_1_27' title="bbox 103 2553 1127 2643; baseline -0.003 -21"><span class='ocrx_word' id='word_1_212' title='bbox 103 2556 273 2622; x_wconf 84' lang='lat' dir='ltr'>universus</span> <span class='ocrx_word' id='word_1_213' title='bbox 304 2556 443 2622; x_wconf 89' lang='lat' dir='ltr'>feminae</span> <span class='ocrx_word' id='word_1_214' title='bbox 475 2578 584 2622; x_wconf 87' lang='lat' dir='ltr'>amore</span> <span class='ocrx_word' id='word_1_215' title='bbox 616 2553 779 2643; x_wconf 82' lang='lat' dir='ltr'>flagravit,</span> <span class='ocrx_word' id='word_1_216' title='bbox 807 2575 868 2621; x_wconf 93' lang='lat' dir='ltr'>nec</span> <span class='ocrx_word' id='word_1_217' title='bbox 894 2555 930 2619; x_wconf 92' lang='lat' dir='ltr'>in</span> <span class='ocrx_word' id='word_1_218' title='bbox 956 2554 1127 2640; x_wconf 86' lang='lat' dir='ltr'>pecuniam</span> 
     </span>
     <span class='ocr_line' id='line_1_28' title="bbox 104 2643 1126 2731; baseline -0.001 -20"><span class='ocrx_word' id='word_1_219' title='bbox 104 2649 161 2711; x_wconf 90' lang='lat' dir='ltr'>aut</span> <span class='ocrx_word' id='word_1_220' title='bbox 195 2647 323 2712; x_wconf 88' lang='lat' dir='ltr'>luorum</span> <span class='ocrx_word' id='word_1_221' title='bbox 355 2649 426 2711; x_wconf 89' lang='lat' dir='ltr'>tota</span> <span class='ocrx_word' id='word_1_222' title='bbox 457 2644 570 2712; x_wconf 78' lang='lat' dir='ltr'>civitas</span> <span class='ocrx_word' id='word_1_223' title='bbox 603 2666 694 2731; x_wconf 87' lang='lat' dir='ltr'>spem</span> <span class='ocrx_word' id='word_1_224' title='bbox 726 2666 818 2710; x_wconf 87' lang='lat' dir='ltr'>suam</span> <span class='ocrx_word' id='word_1_225' title='bbox 854 2643 957 2730; x_wconf 82' lang='lat' dir='ltr'>misit3</span> <span class='ocrx_word' id='word_1_226' title='bbox 993 2643 1126 2711; x_wconf 86' lang='lat' dir='ltr'>ambitio</span> 
     </span>
     <span class='ocr_line' id='line_1_29' title="bbox 103 2734 1127 2821; baseline -0.003 -20"><span class='ocrx_word' id='word_1_227' title='bbox 103 2734 225 2801; x_wconf 84' lang='lat' dir='ltr'>viritim</span> <span class='ocrx_word' id='word_1_228' title='bbox 257 2735 403 2821; x_wconf 86' lang='lat' dir='ltr'>singulos</span> <span class='ocrx_word' id='word_1_229' title='bbox 437 2739 586 2820; x_wconf 89' lang='lat' dir='ltr'>occupat:</span> <span class='ocrx_word' id='word_1_230' title='bbox 622 2734 804 2821; x_wconf 90' lang='lat' dir='ltr'>inpotentia</span> <span class='ocrx_word' id='word_1_231' title='bbox 832 2757 898 2799; x_wconf 90' lang='lat' dir='ltr'>una</span> <span class='ocrx_word' id='word_1_232' title='bbox 927 2738 975 2799; x_wconf 91' lang='lat' dir='ltr'>est</span> <span class='ocrx_word' id='word_1_233' title='bbox 1004 2734 1127 2799; x_wconf 84' lang='lat' dir='ltr'>malum</span> 
     </span>
     <span class='ocr_line' id='line_1_30' title="bbox 103 2822 1161 2910; baseline -0.004 -20"><span class='ocrx_word' id='word_1_234' title='bbox 103 2825 281 2910; x_wconf 86' lang='lat' dir='ltr'>publicum.</span> <span class='ocrx_word' id='word_1_235' title='bbox 326 2845 421 2909; x_wconf 88' lang='lat' dir='ltr'>saepe</span> <span class='ocrx_word' id='word_1_236' title='bbox 450 2825 485 2890; x_wconf 91' lang='lat' dir='ltr'>in</span> <span class='ocrx_word' id='word_1_237' title='bbox 512 2825 593 2890; x_wconf 89' lang='lat' dir='ltr'>iram</span> <span class='ocrx_word' id='word_1_238' title='bbox 621 2847 686 2890; x_wconf 91' lang='lat' dir='ltr'>uno</span> <span class='ocrx_word' id='word_1_239' title='bbox 711 2823 838 2910; x_wconf 90' lang='lat' dir='ltr'>agmine</span> <span class='ocrx_word' id='word_1_240' title='bbox 861 2824 944 2889; x_wconf 91' lang='lat' dir='ltr'>itum</span> <span class='ocrx_word' id='word_1_241' title='bbox 967 2827 1029 2890; x_wconf 90' lang='lat' dir='ltr'>est:</span> <span class='ocrx_word' id='word_1_242' title='bbox 1065 2822 1161 2888; x_wconf 71' lang='lat' dir='ltr'>virio</span> 
     </span>
     <span class='ocr_line' id='line_1_31' title="bbox 57 2914 1127 3000; baseline 0.003 -25"><span class='ocrx_word' id='word_1_243' title='bbox 57 2914 256 2998; x_wconf 77' lang='lat' dir='ltr'>arseminae,</span> <span class='ocrx_word' id='word_1_244' title='bbox 286 2935 376 2979; x_wconf 87' lang='lat' dir='ltr'>senes</span> <span class='ocrx_word' id='word_1_245' title='bbox 406 2914 512 2999; x_wconf 87' lang='lat' dir='ltr'>pueri,</span> <span class='ocrx_word' id='word_1_246' title='bbox 541 2915 701 3000; x_wconf 83' lang='lat' dir='ltr'>principes</span> <span class='ocrx_word' id='word_1_247' title='bbox 725 2915 906 3000; x_wconf 86' lang='lat' dir='ltr'>vulgusque</span> <span class='ocrx_word' id='word_1_248' title='bbox 930 2932 1127 2997; x_wconf 86' lang='lat' dir='ltr'>consensere,</span> 
     </span>
    </p>
   </div>
   <div class='ocr_carea' id='block_1_5' title="bbox 103 3103 1152 3611">
    <p class='ocr_par' dir='ltr' id='par_1_7' title="bbox 103 3103 1152 3611">
     <span class='ocr_line' id='line_1_32' title="bbox 194 3103 1127 3165; baseline -0.001 -3"><span class='ocrx_word' id='word_1_249' title='bbox 194 3107 210 3162; x_wconf 95' lang='lat'>1</span> <span class='ocrx_word' id='word_1_250' title='bbox 230 3106 266 3163; x_wconf 92' lang='lat' dir='ltr'>ob</span> <span class='ocrx_word' id='word_1_251' title='bbox 285 3109 340 3162; x_wconf 87' lang='lat' dir='ltr'>iter</span> <span class='ocrx_word' id='word_1_252' title='bbox 358 3107 428 3162; x_wconf 84' lang='lat' dir='ltr'>furit</span> <span class='ocrx_word' id='word_1_253' title='bbox 446 3108 476 3164; x_wconf 79' lang='lat'>0.</span> <span class='ocrx_word' id='word_1_254' title='bbox 491 3108 526 3163; x_wconf 86' lang='lat' dir='ltr'>F.</span> <span class='ocrx_word' id='word_1_255' title='bbox 540 3108 582 3164; x_wconf 86' lang='lat' dir='ltr'>W.</span> <span class='ocrx_word' id='word_1_256' title='bbox 598 3108 705 3165; x_wconf 76' lang='lat' dir='ltr'>matter</span> <span class='ocrx_word' id='word_1_257' title='bbox 722 3105 870 3162; x_wconf 80' lang='lat' dir='ltr'>obiteriuit</span> <span class='ocrx_word' id='word_1_258' title='bbox 882 3106 926 3162; x_wconf 86' lang='lat' dir='ltr'>A¹</span> <span class='ocrx_word' id='word_1_259' title='bbox 942 3123 1011 3163; x_wconf 83' lang='lat' dir='ltr'>corr.</span> <span class='ocrx_word' id='word_1_260' title='bbox 1026 3107 1060 3161; x_wconf 77' lang='lat' dir='ltr'>in</span> <span class='ocrx_word' id='word_1_261' title='bbox 1077 3103 1127 3162; x_wconf 92' lang='lat' dir='ltr'>ob·</span> 
     </span>
     <span class='ocr_line' id='line_1_33' title="bbox 104 3175 1126 3252; baseline 0 -18"><span class='ocrx_word' id='word_1_262' title='bbox 104 3180 160 3234; x_wconf 87' lang='lat' dir='ltr'>iter</span> <span class='ocrx_word' id='word_1_263' title='bbox 176 3178 247 3234; x_wconf 86' lang='lat' dir='ltr'>furit</span> <span class='ocrx_word' id='word_1_264' title='bbox 260 3179 303 3235; x_wconf 81' lang='lat' dir='ltr'>A’</span> <span class='ocrx_word' id='word_1_265' title='bbox 324 3179 334 3252; x_wconf 71' lang='lat' dir='ltr'>tt</span> <span class='ocrx_word' id='word_1_266' title='bbox 358 3178 376 3233; x_wconf 73' lang='grc'><strong>2</strong></span> <span class='ocrx_word' id='word_1_267' title='bbox 394 3197 414 3249; x_wconf 90' lang='lat' dir='ltr'>p</span> <span class='ocrx_word' id='word_1_268' title='bbox 446 3179 568 3249; x_wconf 78' lang='lat' dir='ltr'>cipitent</span> <span class='ocrx_word' id='word_1_269' title='bbox 582 3179 624 3235; x_wconf 89' lang='lat' dir='ltr'>A¹</span> <span class='ocrx_word' id='word_1_270' title='bbox 642 3195 710 3235; x_wconf 79' lang='lat' dir='ltr'>corr.</span> <span class='ocrx_word' id='word_1_271' title='bbox 725 3183 792 3234; x_wconf 68' lang='grc' dir='ltr'><em>Μ</em></span> <span class='ocrx_word' id='word_1_272' title='bbox 816 3178 829 3250; x_wconf 59' lang='grc'>1,</span> <span class='ocrx_word' id='word_1_273' title='bbox 848 3180 947 3233; x_wconf 83' lang='lat' dir='ltr'>eontra</span> <span class='ocrx_word' id='word_1_274' title='bbox 966 3175 1084 3232; x_wconf 82' lang='lat' dir='ltr'>effeetus</span> <span class='ocrx_word' id='word_1_275' title='bbox 1097 3179 1126 3234; x_wconf 97' lang='lat' dir='ltr'><strong><em>A</em></strong></span> 
     </span>
     <span class='ocr_line' id='line_1_34' title="bbox 105 3248 1128 3322; baseline -0.002 -15"><span class='ocrx_word' id='word_1_276' title='bbox 105 3251 204 3307; x_wconf 86' lang='lat' dir='ltr'>contre</span> <span class='ocrx_word' id='word_1_277' title='bbox 227 3252 334 3306; x_wconf 89' lang='lat' dir='ltr'>eeteros</span> <span class='ocrx_word' id='word_1_278' title='bbox 357 3249 429 3305; x_wconf 83' lang='lat' dir='ltr'>affec</span> <span class='ocrx_word' id='word_1_279' title='bbox 463 3267 476 3305; x_wconf 89' lang='lat' dir='ltr'>s</span> <span class='ocrx_word' id='word_1_280' title='bbox 495 3251 579 3307; x_wconf 71' lang='lat' dir='ltr'>Gertz</span> <span class='ocrx_word' id='word_1_281' title='bbox 602 3250 713 3320; x_wconf 86' lang='lat' dir='ltr'>(ceteris</span> <span class='ocrx_word' id='word_1_282' title='bbox 732 3250 758 3304; x_wconf 87' lang='lat' dir='ltr'><strong><em>L</em></strong></span> <span class='ocrx_word' id='word_1_283' title='bbox 776 3256 841 3305; x_wconf 74' lang='lat' dir='ltr'>cate</span> <span class='ocrx_word' id='word_1_284' title='bbox 862 3249 949 3304; x_wconf 87' lang='lat' dir='ltr'>etiem</span> <span class='ocrx_word' id='word_1_285' title='bbox 967 3248 993 3303; x_wconf 87' lang='lat' dir='ltr'>si</span> <span class='ocrx_word' id='word_1_286' title='bbox 1009 3249 1099 3320; x_wconf 77' lang='lat' dir='ltr'>tabct)</span> <span class='ocrx_word' id='word_1_287' title='bbox 1117 3248 1128 3322; x_wconf 89' lang='grc' dir='ltr'>ΙΙ</span> 
     </span>
     <span class='ocr_line' id='line_1_35' title="bbox 103 3320 1127 3395; baseline -0.002 -19"><span class='ocrx_word' id='word_1_288' title='bbox 103 3321 260 3377; x_wconf 80' lang='lat' dir='ltr'>(tintendit</span> <span class='ocrx_word' id='word_1_289' title='bbox 274 3322 357 3378; x_wconf 69' lang='lat' dir='ltr'>Gertz</span> <span class='ocrx_word' id='word_1_290' title='bbox 374 3322 469 3378; x_wconf 87' lang='lat' dir='ltr'>tendit</span> <span class='ocrx_word' id='word_1_291' title='bbox 482 3323 510 3378; x_wconf 89' lang='lat' dir='ltr'><strong><em>A</em></strong></span> <span class='ocrx_word' id='word_1_292' title='bbox 527 3322 537 3395; x_wconf 69' lang='grc' dir='ltr'>Η</span> <span class='ocrx_word' id='word_1_293' title='bbox 557 3321 571 3376; x_wconf 77' lang='grc'>7</span> <span class='ocrx_word' id='word_1_294' title='bbox 592 3322 720 3376; x_wconf 88' lang='lat' dir='ltr'>eratione</span> <span class='ocrx_word' id='word_1_295' title='bbox 734 3323 763 3377; x_wconf 89' lang='lat' dir='ltr'><strong><em>A</em></strong></span> <span class='ocrx_word' id='word_1_296' title='bbox 780 3320 828 3376; x_wconf 78' lang='lat' dir='ltr'>sed</span> <span class='ocrx_word' id='word_1_297' title='bbox 841 3321 964 3390; x_wconf 65' lang='lat' dir='ltr'>priorem</span> <span class='ocrx_word' id='word_1_298' title='bbox 982 3336 1000 3375; x_wconf 84' lang='lat' dir='ltr'>a</span> <span class='ocrx_word' id='word_1_299' title='bbox 1017 3321 1050 3375; x_wconf 75' lang='lat' dir='ltr'>in</span> <span class='ocrx_word' id='word_1_300' title='bbox 1066 3320 1127 3389; x_wconf 79' lang='lat' dir='ltr'>ipso</span> 
     </span>
     <span class='ocr_line' id='line_1_36' title="bbox 103 3389 1128 3516; baseline -0.001 -68"><span class='ocrx_word' id='word_1_301' title='bbox 103 3410 185 3450; x_wconf 82' lang='lat' dir='ltr'>eereu</span> <span class='ocrx_word' id='word_1_302' title='bbox 202 3393 314 3449; x_wconf 80' lang='lat' dir='ltr'>addidit</span> <span class='ocrx_word' id='word_1_303' title='bbox 331 3392 373 3449; x_wconf 87' lang='lat' dir='ltr'>A¹</span> <span class='ocrx_word' id='word_1_304' title='bbox 397 3395 401 3466; x_wconf 80' lang='lat'>1</span> <span class='ocrx_word' id='word_1_305' title='bbox 426 3391 559 3467; x_wconf 74' lang='lat' dir='ltr'>[sesciacit</span> <span class='ocrx_word' id='word_1_306' title='bbox 577 3395 606 3449; x_wconf 89' lang='lat' dir='ltr'><strong><em>A</em></strong></span> <span class='ocrx_word' id='word_1_307' title='bbox 630 3393 660 3463; x_wconf 86' lang='lat' dir='ltr'>(d</span> <span class='ocrx_word' id='word_1_308' title='bbox 677 3392 851 3449; x_wconf 70' lang='lat' dir='ltr'>ramerenco</span> <span class='ocrx_word' id='word_1_309' title='bbox 868 3393 990 3448; x_wconf 69' lang='lat' dir='ltr'>sciam</span> <span class='ocrx_word' id='word_1_310' title='bbox 1003 3389 1128 3516; x_wconf 46' lang='lat' dir='ltr'>periit]</span> 
     </span>
     <span class='ocr_line' id='line_1_37' title="bbox 103 3461 1085 3536; baseline -0.004 -17"><span class='ocrx_word' id='word_1_311' title='bbox 103 3463 141 3519; x_wconf 78' lang='lat'>12</span> <span class='ocrx_word' id='word_1_312' title='bbox 158 3465 189 3519; x_wconf 90' lang='lat' dir='ltr'>in</span> <span class='ocrx_word' id='word_1_313' title='bbox 208 3481 237 3520; x_wconf 85' lang='lat' dir='ltr'>se</span> <span class='ocrx_word' id='word_1_314' title='bbox 256 3465 320 3536; x_wconf 85' lang='lat' dir='ltr'>ipsa</span> <span class='ocrx_word' id='word_1_315' title='bbox 334 3466 395 3521; x_wconf 89' lang='lat' dir='ltr'>AL</span> <span class='ocrx_word' id='word_1_316' title='bbox 414 3465 445 3519; x_wconf 89' lang='lat' dir='ltr'>in</span> <span class='ocrx_word' id='word_1_317' title='bbox 464 3481 493 3520; x_wconf 84' lang='lat' dir='ltr'>se</span> <span class='ocrx_word' id='word_1_318' title='bbox 511 3465 604 3535; x_wconf 89' lang='lat' dir='ltr'>ipsam</span> <span class='ocrx_word' id='word_1_319' title='bbox 618 3476 636 3519; x_wconf 74' lang='grc' dir='ltr'><em>ς</em></span> <span class='ocrx_word' id='word_1_320' title='bbox 649 3464 733 3521; x_wconf 71' lang='lat' dir='ltr'>Gertz</span> <span class='ocrx_word' id='word_1_321' title='bbox 750 3463 761 3536; x_wconf 67' lang='lat' dir='ltr'>tt</span> <span class='ocrx_word' id='word_1_322' title='bbox 778 3461 813 3518; x_wconf 77' lang='grc'>28</span> <span class='ocrx_word' id='word_1_323' title='bbox 831 3478 889 3517; x_wconf 89' lang='lat' dir='ltr'>une</span> <span class='ocrx_word' id='word_1_324' title='bbox 907 3463 1011 3519; x_wconf 78' lang='lat' dir='ltr'>Vottcn</span> <span class='ocrx_word' id='word_1_325' title='bbox 1028 3477 1085 3517; x_wconf 89' lang='lat' dir='ltr'>non</span> 
     </span>
     <span class='ocr_line' id='line_1_38' title="bbox 104 3530 1152 3611; baseline -0.007 -20"><span class='ocrx_word' id='word_1_326' title='bbox 104 3535 273 3606; x_wconf 86' lang='lat' dir='ltr'>inpudentia</span> <span class='ocrx_word' id='word_1_327' title='bbox 287 3553 344 3592; x_wconf 91' lang='lat' dir='ltr'>non</span> <span class='ocrx_word' id='word_1_328' title='bbox 360 3553 383 3592; x_wconf 89' lang='lat' dir='ltr'>e.</span> <span class='ocrx_word' id='word_1_329' title='bbox 394 3554 430 3593; x_wconf 90' lang='lat' dir='ltr'>m.</span> <span class='ocrx_word' id='word_1_330' title='bbox 441 3554 482 3608; x_wconf 89' lang='lat' dir='ltr'>p.:</span> <span class='ocrx_word' id='word_1_331' title='bbox 502 3536 619 3594; x_wconf 80' lang='lat' dir='ltr'>Wolters</span> <span class='ocrx_word' id='word_1_332' title='bbox 635 3536 649 3611; x_wconf 68' lang='lat' dir='ltr'>tt</span> <span class='ocrx_word' id='word_1_333' title='bbox 663 3535 699 3592; x_wconf 72' lang='lat'>28</span> <span class='ocrx_word' id='word_1_334' title='bbox 713 3536 747 3592; x_wconf 89' lang='lat' dir='ltr'>in</span> <span class='ocrx_word' id='word_1_335' title='bbox 757 3535 835 3592; x_wconf 78' lang='lat' dir='ltr'>irem</span> <span class='ocrx_word' id='word_1_336' title='bbox 849 3535 877 3590; x_wconf 81' lang='lat' dir='ltr'>L</span> <span class='ocrx_word' id='word_1_337' title='bbox 894 3541 923 3590; x_wconf 76' lang='lat' dir='ltr'>et</span> <span class='ocrx_word' id='word_1_338' title='bbox 932 3532 1105 3601; x_wconf 33' lang='lat' dir='ltr'>aetertum</span> <span class='ocrx_word' id='word_1_339' title='bbox 1121 3530 1152 3579; x_wconf 61' lang='lat' dir='ltr'>L</span> 
     </span>
    </p>
   </div>
   <div class='ocr_carea' id='block_1_6' title="bbox 0 0 1224 3846">
    <p class='ocr_par' dir='ltr' id='par_1_8' title="bbox 0 0 1224 3846">
     <span class='ocr_line' id='line_1_39' title="bbox 0 0 1224 3846; baseline 0 0"><span class='ocrx_word' id='word_1_340' title='bbox 0 0 1224 3846; x_wconf 95' lang='lat' dir='ltr'> </span> 
     </span>
    </p>
   </div>
  </div>
 </body>
</html>
