2438 3846
110 173 174 238 186
305 168 335 222 L.
350 166 492 222 ANNAEI
510 165 676 222 SENECAE
694 166 788 221 DIAL.
803 167 871 222 LlB.
886 167 932 221 VI.

109 314 246 397 simplici
267 335 341 379 cum
360 314 471 379 dolore
490 312 639 398 pudenda
657 314 853 398 curantium3
875 313 1048 397 posthaec
1066 312 1132 378 exi-

108 405 189 469 lium
217 401 298 490 (non
325 402 389 467 fuit
411 403 613 468 innocentior
634 403 721 467 filius
743 406 820 467 tuus
844 424 941 486 quam
964 401 1133 489 Rutilius),

110 515 268 560 carcerem
283 491 441 577 (nonfuit
454 492 630 576 sapientior
644 513 741 576 quam
756 489 929 578 Socrates),
947 492 1143 557 voluntario

109 583 239 648 volnere
273 582 465 646 transfixum
503 585 615 664 pectus
648 578 729 667 (non
764 581 827 646 fuit
859 581 1000 646 sanctior
1032 604 1131 666 quam

110 669 218 759 (istob
242 692 315 736 cum
338 671 402 735 ista
423 669 636 754 perspexeris,
660 671 741 735 scies
765 670 886 753 optime
909 691 983 735 cum
1011 671 1039 735 is
1068 672 1134 757 agi,
1164 693 1176 732 s

110 783 191 845 quos
213 764 343 843 natura,
366 758 442 844 quia
464 760 538 824 illos
561 761 624 824 hoc
647 760 797 824 manebat
820 760 906 825 vitae
925 758 1133 844 stipendium,

109 853 174 916 cito
191 851 233 914 -in
255 853 363 914 tutum
385 848 514 932 recepit.
555 849 638 912 nihil
660 855 709 914 est
730 853 798 913 tam
821 849 920 914 fallax
943 871 1040 933 quam
1062 849 1133 914 rita

109 940 264 1022 humana,
285 939 368 1003 nihil
391 943 458 1003 tam
480 937 685 1004 insidiosum:
712 961 779 1003 non
802 939 1021 1004 mehercules
1045 939 1132 1022 quis·

110 1051 206 1112 quam
236 1029 326 1093 illam
349 1029 539 1113 accepisset,
565 1028 629 1092 nisi
657 1029 786 1092 daretur
808 1028 1027 1094 inscientibus.
1072 1028 1132 1093 ita·

110 1140 172 1202 que
192 1119 219 1182 si
238 1117 460 1182 felicissimum
479 1120 613 1182 estnon
630 1118 733 1201 nasci,
755 1118 939 1201 proximum
959 1122 1022 1201 est,
1040 1121 1133 1202 puto,
1152 1140 1178 1180 m

73 1208 199 1272 sbrevi
229 1211 332 1271 aetate
356 1206 523 1271 defunctos
547 1207 612 1272 cito
635 1207 671 1271 in
693 1208 854 1292 integrum
877 1205 1012 1271 restitui.
1058 1228 1133 1292 pro·

109 1318 194 1380 pone
230 1295 311 1360 illud
348 1295 589 1361 acerbissimum
626 1296 686 1360 tibi
718 1300 860 1380 tempus,
897 1318 961 1379 quo
995 1293 1131 1361 Seianus

109 1389 233 1470 patrem
264 1389 357 1450 tuum
387 1386 496 1450 clienti
529 1406 587 1450 suo
620 1383 727 1450 Satrio
755 1383 903 1451 Secundo
930 1386 1131 1471 congiarium

110 1474 205 1541 dedit.
251 1475 448 1540 irascebatur
476 1475 525 1538 illi
555 1475 597 1539 ob
625 1497 726 1539 unum
754 1479 810 1539 aut
838 1476 974 1539 alterum
997 1475 1131 1540 liberius

110 1564 246 1647 dictum,
276 1563 363 1648 quod
390 1563 508 1629 tacitus
535 1563 618 1628 ferre
645 1586 712 1629 non
739 1569 889 1648 potuerat
916 1561 1069 1628 Seianum
1096 1564 1131 1629 in
1152 1586 1178 1627 u

110 1654 249 1719 cervices
285 1657 412 1718 nostras
449 1676 489 1717 ne
525 1653 639 1737 inponi
676 1652 820 1737 quidem,
861 1652 916 1717 sed
953 1652 1130 1719 escendere.

110 1743 339 1808 decernebatur
368 1743 416 1806 illi
447 1746 553 1807 statua
584 1743 619 1807 in
648 1741 783 1827 Pompei
814 1742 941 1807 theatro
973 1743 1133 1826 ponenda,

111 1833 197 1915 quod
234 1836 383 1897 exustum
418 1829 534 1897 Caesar
569 1832 747 1915 reficiebat;
783 1831 975 1898 exclamavit
1007 1829 1131 1898 Gordus

75 1925 187 1987 stunc
205 1944 279 1986 vere
296 1921 459 1986 theatrum
474 1920 586 2006 perire.
624 1921 702 2006 quid
715 1920 814 2007 ergo?
849 1944 917 1986 non
929 1925 1133 2004 rumperetur

110 2033 207 2097 supra
244 2010 365 2076 cineres
397 2008 454 2075 On.
486 2009 622 2098 Pompei
658 2011 813 2076 constitui
844 2009 996 2076 Seianum
1033 2013 1066 2076 et
1097 2011 1134 2076 iu
1152 2033 1179 2073 ro

110 2100 316 2165 monimentis
353 2099 486 2164 maximi
521 2099 724 2184 imperatoris
761 2100 941 2167 consecrari
971 2100 1131 2185 perfidum

110 2189 268 2254 militem?
290 2190 313 2273 †
337 2194 542 2255 consecratur
569 2190 777 2276 subscriptio,
804 2193 837 2254 et
858 2188 1006 2255 acerrimi
1027 2211 1133 2272 canes,

111 2300 192 2363 quos
211 2279 265 2343 ille
284 2283 321 2343 ut
340 2279 402 2344 sibi
420 2279 477 2343 uni
496 2284 693 2365 mansuetos,
718 2280 867 2344 omnibus
885 2279 971 2344 feros
989 2278 1133 2363 haberet,

110 2369 266 2454 sanguine
306 2370 447 2434 humano
488 2371 653 2453 pascebat,
693 2369 931 2435 circumlatrare
966 2368 1132 2433 hominem

76 2460 207 2522 setiam
230 2459 254 2542 †
277 2458 369 2522 illum
393 2459 598 2542 imperiatum
622 2458 789 2543 incipiunt.
827 2458 905 2542 quid
927 2457 1067 2524 faceret?
1104 2459 1132 2524 si
1152 2480 1179 2520 rs

200 2617 261 2669 siis
275 2615 317 2670 A¹
334 2616 379 2669 his
394 2615 476 2684 A¹(?)
495 2616 505 2688 ll
525 2616 543 2669 o
562 2629 662 2684 quoss
681 2615 748 2683 quia
762 2616 791 2669 A
812 2615 815 2687 l
835 2616 898 2669 uita
916 2615 938 2669 Sa
958 2614 1131 2683 stipendium

111 2688 152 2741 A¹
166 2704 234 2741 conr.
249 2687 291 2740 A⁵
308 2686 318 2757 Η
340 2686 359 2740 8
375 2687 542 2741 insidiosum
556 2699 574 2740 ς
591 2687 694 2740 insidio
709 2687 769 2812 A]
786 2686 804 2740 9
822 2685 1007 2742 inscientibus
1021 2687 1133 2741 Fickert

111 2757 218 2812 intibus
233 2758 260 2811 A
279 2758 407 2811 insciiss
424 2757 435 2830 ll
452 2758 488 2813 10
503 2775 572 2812 naso
586 2758 629 2812 A²
647 2759 728 2812 nasoi
773 2756 783 2788 ¹
799 2758 803 2828 Ι
818 2759 977 2826 proximum
992 2759 1035 2812 est
1049 2757 1133 2813 Gertz

111 2830 237 2898 proxime
250 2829 279 2883 A
296 2829 306 2900 Η
324 2829 359 2882 11
373 2828 452 2882 brevi
466 2832 561 2883 aetate
576 2830 672 2883 Haase
690 2827 832 2883 breuitate
846 2830 874 2883 A
892 2828 970 2883 brevi
983 2828 1044 2883 rita
1057 2829 1111 2883 atii
1126 2829 1130 2900 ι

111 2901 253 2954 restituis
272 2898 370 2953 resiste
384 2900 449 2954 AF
463 2900 473 2971 Η
496 2899 531 2953 12
550 2898 649 2953 seiani
662 2900 726 2953 AF
739 2900 750 2971 ll
772 2899 809 2954 14
826 2898 944 2954 libertus
958 2901 986 2954 A
1004 2898 1014 2972 ll
1034 2899 1070 2955 18
1088 2899 1131 2955 Ti.

112 2970 215 3024 Cacsar
232 2970 355 3041 Pfenmy
371 2971 436 3037 sart.
455 2976 524 3025 recte
541 2969 552 3042 ll
568 2969 604 3024 22
623 2973 802 3025 consecratur
815 2971 884 3037 AF,
903 2972 975 3041 qnod
992 2988 1055 3026 cnm
1072 2973 1133 3026 sine

111 3043 195 3095 dnbio
219 3057 253 3096 ex
278 3042 448 3097 antecedenti
472 3041 630 3095 consecrari
653 3049 743 3096 oetan
764 3043 814 3109 sit,
830 3042 939 3097 medela
956 3045 1063 3097 incerta
1080 3049 1133 3097 ast.-

112 3112 324 3165 conssrcinatur
337 3113 454 3180 Lipsius
468 3112 653 3166 concinnatur
663 3112 782 3182 Madaiq
796 3112 890 3167 editur
900 3114 980 3168 Kaeb
994 3113 1134 3167 conflatur

114 3183 195 3238 Gertz
219 3183 366 3236 conficitur
383 3183 520 3238 Schultess
542 3185 721 3238 consectatur
738 3184 829 3250 Ellis·
846 3185 939 3252 possis
960 3186 1044 3238 etiarn
1068 3201 1133 3238 con-

111 3256 227 3323 ponitur
251 3255 320 3324 (ben.
342 3255 398 3308 III
414 3258 462 3320 26,
475 3259 504 3320 2)
528 3256 649 3309 conicere
675 3253 685 3327 lt
712 3254 748 3309 23
770 3253 889 3309 haberet
906 3257 937 3309 F
955 3253 1061 3309 habere
1073 3257 1106 3310 ·A
1123 3256 1134 3328 ll

111 3325 147 3379 25
175 3326 261 3379 etiam
288 3325 369 3379 illum
397 3325 578 3395 imperiatum
605 3327 669 3381 AF
698 3328 727 3381 et
753 3327 811 3381 iam
838 3326 919 3381 illum
949 3327 1131 3396 impetratum

113 3399 209 3453 Haase
223 3397 310 3452 etiam
326 3397 357 3452 in
371 3396 420 3452 illo
436 3398 496 3466 (illo
510 3398 540 3454 in
557 3398 649 3465 Gertz)
664 3399 783 3470 imperio
798 3398 887 3453 altum
899 3399 1019 3470 Madaiy
1032 3404 1061 3455 et
1075 3400 1133 3454 iam

112 3469 220 3524 laniare
251 3470 487 3539 intemperantius
516 3472 595 3527 Koch
621 3474 651 3526 et
675 3473 733 3526 iam
758 3470 839 3525 illum
864 3487 994 3540 rumpere
1021 3472 1133 3527 hiatum

97 3540 242 3595 Schultess
268 3543 300 3597 et
322 3542 382 3597 iam
409 3542 491 3598 illum
517 3541 615 3598 inferis
641 3543 768 3599 dicatum
789 3543 906 3613 Maebly
930 3542 1017 3597 etiam
1042 3544 1132 3611 illum,
