2438 3846
99 152 150 208 AD
165 151 341 209 SERENVM
355 149 406 206 Du
420 148 743 218 TRANQVILLITATE
757 147 867 206 ANIMI
880 148 984 206 GAR9
1026 152 1091 219 261

72 299 129 365 sed
150 301 188 364 ut
209 296 368 363 maiorum
387 318 492 362 mores
511 296 659 380 suadent3
682 295 841 362 discamus
861 295 1093 362 continentiam

73 409 203 474 augere,
238 387 400 453 luxuriam
437 407 596 470 coercere,
633 384 771 472 gloriam
805 389 998 470 temperare,
1033 385 1094 451 ira-

72 476 222 545 cundiam
256 476 369 559 lenire,
402 479 625 561 paupertatem
660 475 769 559 aequis
807 475 909 540 oculis
942 474 1094 559 aspicere,

71 566 291 652 frugalitatem
310 565 428 649 colere,
445 565 543 630 etiam
563 565 591 631 si
604 564 724 630 multos
743 564 879 650 pudebit
891 565 960 630 eius
974 563 998 648 †
1011 564 1097 648 plus,

40 656 238 721 edesideriis
269 654 470 719 naturalibus
500 675 600 737 parvo
628 656 741 738 parata
767 653 908 718 remedia
935 653 1095 737 adhibere,

72 765 146 830 spes
169 743 337 809 effrenatas
360 746 393 808 et
416 743 560 807 animum
582 742 617 808 in
638 742 749 807 futura
766 741 987 807 imminentem
1007 742 1096 808 velut

73 835 131 900 sub
151 833 288 897 vinculis
305 831 437 915 habere,
454 832 488 896 id
507 853 614 918 agere,
632 835 670 897 ut
688 831 815 896 divitias
835 831 967 897 anobis
985 832 1095 916 potius

73 944 171 1008 quam
198 945 218 986 a
243 921 375 987 fortuna
402 925 558 1006 petamus.
604 942 671 987 non
697 925 806 1004 potest
828 941 983 1006 umquam
1005 924 1132 987 tautae

71 1011 209 1077 varietas
230 1014 263 1076 et
280 1009 433 1093 iniquitas
453 1031 585 1076 casuum
603 1011 650 1075 ita
668 1010 799 1095 depelli,
822 1013 944 1075 utnon
957 1011 1097 1076 multum

26 1124 54 1164 ro
72 1100 287 1187 procellarum
328 1100 436 1164 inruat
476 1120 593 1184 magna
629 1103 827 1164 armamenta
867 1099 1097 1184 pandentibus3

73 1189 235 1276 cogendae
257 1189 292 1254 in
316 1192 422 1254 artum
443 1209 494 1253 res
518 1190 606 1270 suut,
630 1192 667 1253 ut
689 1189 754 1253 tela
776 1189 811 1252 in
833 1209 952 1253 vanum
971 1187 1097 1272 cadant,

72 1279 209 1363 ideoque
250 1277 347 1344 exilia
386 1277 515 1344 interim
552 1275 812 1361 calamitatesque
850 1277 885 1343 in
919 1276 1096 1346 remedium

74 1389 195 1434 cessere
218 1369 250 1432 et
271 1366 445 1432 levioribus
469 1366 682 1432 incommodis
706 1367 854 1452 graviora
877 1370 989 1432 sanata
1012 1369 1096 1432 sunt.

73 1456 130 1522 ubi
155 1477 271 1541 parum
298 1456 388 1520 audit
414 1458 585 1539 praecepta
608 1455 734 1520 animus
753 1476 813 1521 nec
837 1456 942 1520 curari
965 1455 1096 1520 mollius

26 1567 54 1608 ιε
71 1548 194 1630 potest,
214 1543 326 1628 quidni
344 1545 531 1609 consulatur
549 1544 592 1628 ei,
610 1544 638 1608 si
655 1547 827 1630 paupertas
846 1543 889 1627 ei,
908 1544 1098 1630 ignominia,

73 1655 180 1699 rerum
203 1633 325 1698 eversio
349 1632 534 1716 adhibetur,
555 1634 641 1698 malo
665 1634 788 1698 malum
812 1632 1010 1717 opponitur?
1043 1631 1097 1697 ed·

73 1742 256 1788 suescamus
294 1743 371 1807 ergo
404 1742 516 1786 cenare
548 1742 643 1806 posse
676 1722 744 1787 sine
767 1722 899 1806 populo
932 1725 965 1787 et
997 1720 1097 1787 servis

73 1811 278 1897 paucioribus
307 1810 425 1875 servire
452 1814 485 1876 et
511 1813 616 1876 vestes
645 1833 758 1895 parare
781 1812 816 1875 iu
839 1810 926 1896 quod
948 1811 1098 1876 inventae

73 1903 150 1966 sunt
181 1904 214 1965 et
243 1899 389 1964 habitare
421 1898 624 1965 contractius.
676 1920 744 1965 nou
776 1900 811 1966 iu
842 1920 939 1966 cursu
970 1903 1098 1965 tantum

26 2011 54 2051 so
74 1989 214 2072 circique
246 1987 434 2072 certamine,
465 1988 521 2054 sed
553 1989 588 2053 iu
618 1989 669 2054 his
702 1987 816 2073 spatiis
846 1989 932 2054 vitae
961 1988 1097 2054 interius

73 2077 266 2148 flectendum
294 2081 350 2143 est.
374 2103 376 2107 ·
397 2077 578 2143 studiorum
606 2099 734 2163 quoque
763 2099 846 2163 quae
872 2077 1134 2144 liberalissimae

73 2168 220 2253 impensa
238 2168 287 2232 est
303 2170 371 2231 tam
391 2166 446 2231 diu
463 2167 622 2233 rationem
639 2167 751 2251 habet,
770 2187 867 2251 quam
886 2166 942 2232 diu
956 2167 1097 2232 modum.

165 2377 183 2432 4
205 2377 263 2432 etia
285 2379 311 2432 si
332 2377 425 2432 mulos
446 2376 567 2448 pudebit
585 2377 610 2448 ej
630 2377 694 2447 plue
718 2377 754 2442 (si
772 2384 799 2434 ct
813 2379 924 2448 primus
943 2379 1050 2435 litterae
1068 2396 1098 2432 m

61 2449 174 2505 ‘dactus
190 2450 223 2504 in
239 2465 294 2505 ros.
314 2467 333 2503 a
350 2449 646 2533 m.1·atoid.;poat
667 2448 727 2503 mul
743 2465 768 2533 ‘a
783 2467 807 2504 v.
827 2451 841 2503 t
858 2456 909 2532 cat
920 2449 938 2534 ,1
955 2450 1098 2535 adempta

69 2518 1099 2674 ttttr'reetltsttttttt„pettitutlruttttt

73 2661 118 2718 bit
141 2677 202 2717 erus
220 2662 362 2718 Rossbach
386 2662 473 2718 etiam
494 2663 519 2716 si
537 2678 612 2717 nunc
631 2661 723 2718 cultus
741 2661 863 2733 pudebit
881 2662 941 2717 eius
958 2660 1097 2733 populum

76 2732 159 2789 Gertz
176 2731 324 2803 (poprium
342 2735 374 2788 ia
390 2734 455 2803 plus
474 2734 558 2790 latere
574 2735 633 2789 iam
651 2735 809 2791 Pincianus
826 2736 987 2805 metaverat)
1009 2734 1097 2789 etiam

75 2805 100 2859 si
126 2803 231 2859 multos
259 2803 379 2873 pudebit
406 2806 479 2873 eius;
509 2805 624 2876 placeat
651 2805 787 2862 Schulteas
817 2805 829 2878 ΙΙ
856 2804 876 2861 b
901 2807 1097 2861 imminentem

74 2875 195 2946 Mcdee‘p
221 2876 391 2930 eminentem
411 2878 440 2932 A
465 2877 527 2944 (cfr.
547 2877 580 2933 dc
603 2877 689 2944 benef.
708 2878 797 2932 1113
822 2879 901 2948 acer.)
928 2878 1097 2933 emicantem

73 2946 212 3003 cemma
232 2946 236 3018 Ι
267 2944 303 3001 la
321 2946 437 3001 exilior
454 2947 540 3002 axilla
553 2950 582 3004 A
603 2948 607 3020 t
627 2947 774 3002 interime·
790 2948 894 3004 iterum
908 2950 937 3004 A
954 2949 1098 3004 interdum

74 3018 127 3075 clii
145 3030 164 3072 e·
184 3016 195 3090 lt
216 3016 233 3072 1
271 3018 373 3072 sauata
391 3020 463 3073 suut.
492 3018 549 3073 Ubi
569 3060 597 3074 ..
617 3019 724 3089 potest,
744 3018 845 3087 quidni
863 3021 962 3089 inurp.
978 3020 1098 3091 Madeiy

74 3091 177 3145 sanata
195 3090 274 3156 sunt,
292 3086 344 3143 ubi
362 3131 369 3143 .
385 3130 391 3142 .
410 3091 512 3159 potest.
540 3089 731 3161 Quidnivolq.
755 3089 766 3162 ll
790 3090 826 3146 15
849 3089 949 3160 quidni
968 3089 1098 3146 consula-

74 3161 122 3214 tur
144 3203 149 3214 .
171 3203 179 3244 ¹.
198 3202 204 3214 .
228 3158 406 3244 adhibetur
428 3160 504 3214 malo
524 3162 651 3245 quciq.
686 3162 878 3245 interrogandi
901 3164 1011 3246 apuam
1033 3168 1098 3232 poet

75 3231 1098 3387 „inmineat”

75 3373 367 3528 acceusae
383 3377 534 3529 {titt
547 3375 1103 3517 accatutttaerat

76 3513 112 3571 21
131 3515 305 3571 flecteutmm
319 3517 348 3571 A
366 3517 400 3586 (tr
414 3533 467 3586 per
484 3517 643 3590 legatarum)
662 3534 732 3574 corr.
744 3518 818 3589 colq.
