2438 3846
414 161 464 219 uu
483 160 548 216 uu
565 159 669 217 unu
701 159 811 218 oms
1081 164 1125 231 55

103 329 248 392 operam,
269 329 310 373 ne
338 307 517 373 incidamus
549 307 584 371 in
616 307 704 371 iram.
750 329 826 373 nam
854 308 882 372 si
909 308 1017 393 coepit
1043 308 1125 372 ferre

102 400 316 480 transversos,
337 395 481 462 difficilis
504 396 545 462 ed
568 395 705 461 salutem
722 417 869 463 recursus
888 399 950 480 est,
972 398 1125 482 qnoniam

102 486 186 550 nihil
207 486 342 551 rationis
366 488 429 568 est,
450 486 507 550 ubi
531 486 630 550 semel
652 485 796 551 adfectus
819 486 969 551 inductus
992 490 1041 551 est
1063 487 1126 551 ius·

103 595 165 659 que
188 574 238 638 illi
261 574 394 659 aliquod
416 575 583 639 voluntate
605 578 718 639 nostra
740 573 852 639 datum
879 577 940 640 est:
967 575 1065 640 faciet
1087 575 1126 639 dc

71 667 208 730 coetero
243 667 399 748 quantum
430 663 532 747 volet,
563 684 632 728 non
663 667 819 747 quantum
855 664 1046 748 permiseris.
1092 664 1161 730 ins

102 752 230 837 primis,
252 754 398 837 inquam,
420 751 539 818 finibus
562 752 665 818 hostis
688 751 843 818 arcendus
866 755 928 836 est,
954 774 1030 817 num
1053 772 1127 818 cum

103 842 237 907 intravit
259 846 292 906 et
313 841 417 926 portis
440 862 474 906 se
496 841 621 924 intulit,
645 841 777 906 modum
795 863 816 907 a
833 841 969 925 captivis
991 863 1060 906 non
1077 862 1128 906 sc·

104 930 192 1014 cipit.
236 952 341 1014 neque
364 929 451 994 enim
473 930 634 1014 sepositus
657 932 707 994 est
728 929 855 996 animus
877 933 910 994 et
930 930 1127 996 extrinsecus

105 1019 288 1104 speculatur
314 1018 474 1102 adfectus,
503 1022 541 1083 ut
570 1018 645 1084 illos
667 1039 734 1083 non
757 1019 900 1103 patiatur
921 1019 1007 1082 ultra
1031 1040 1128 1103 quem

60 1127 86 1169 ιο
105 1110 233 1192 oportet
253 1107 439 1192 procedere,
465 1106 521 1174 sed
544 1107 579 1172 in
601 1107 763 1172 adfectum
786 1108 855 1191 ipse
878 1110 1021 1172 mutetur
1043 1106 1128 1172 ideo-

105 1218 167 1281 que
189 1218 257 1262 nou
278 1200 386 1281 potest
404 1197 517 1262 utilem
536 1196 623 1261 illam
639 1197 707 1261 vim
726 1199 758 1260 et
776 1197 948 1262 salutarem
966 1195 1128 1281 proditam

105 1285 168 1350 iem
200 1285 459 1370 infirmatamque
491 1306 648 1350 revocare.
693 1285 885 1368 nonenim,
915 1287 953 1349 ut
975 1285 1055 1368 dixi,
1083 1301 1163 1350 ses

104 1377 231 1459 perstas
254 1375 317 1439 ists
336 1374 425 1440 sedes
445 1396 518 1439 sues
537 1373 748 1457 diductasque
766 1373 899 1457 hebent,
922 1374 977 1439 sed
996 1375 1128 1440 effectus

105 1467 137 1532 et
163 1463 247 1528 ratio
278 1463 313 1528 in
342 1463 456 1528 melius
486 1462 642 1548 peiusque
665 1463 802 1528 mutatio
826 1463 926 1528 enimi
948 1467 1004 1529 est.
1051 1484 1130 1546 quo·

60 1570 86 1612 rs
104 1552 200 1618 modo
231 1573 308 1638 ergo
339 1553 422 1617 ratio
452 1554 610 1636 occupate
632 1555 665 1617 et
688 1573 843 1635 oppresse
864 1553 952 1618 vitiis
975 1554 1130 1637 resurget,

105 1661 187 1727 quse
214 1641 279 1706 irae
316 1641 436 1713 cessitl
488 1645 545 1706 sut
570 1640 840 1725 quemadmodum
870 1663 910 1706 ex
941 1641 1131 1707 confusione

105 1752 139 1796 se
160 1730 323 1814 liberabit,
347 1730 382 1794 in
404 1752 469 1814 qua
490 1730 638 1815 peiorum
660 1730 802 1795 mixture
823 1729 1024 1814 praevaluit?
1063 1728 1166 1797 ‘sede

105 1818 248 1903 quidam’
272 1819 380 1904 inquit
397 1817 445 1884 ‘in
473 1819 522 1883 irs
551 1841 584 1885 se
614 1817 802 1884 continent?
848 1822 957 1884 utrum
984 1839 1060 1904 ergo
1085 1818 1131 1882 ite

105 1912 142 1972 ut
170 1908 254 1974 nihil
280 1909 402 1974 iaciunt
429 1930 539 1974 eorum
564 1930 645 1993 quse
667 1908 716 1972 ira
739 1907 840 1973 dictat
862 1930 904 1972 sn
926 1911 963 1972 ut
986 1906 1130 1991 aliquid?

59 2015 87 2059 ro
106 1998 134 2063 si
155 1997 252 2080 nilril¹
268 1997 407 2081 faciunt,
436 2001 570 2082 apparet
599 2019 666 2063 non
694 2019 763 2063 esse
790 1997 831 2062 ad
859 1997 1000 2062 actiones
1023 2017 1130 2061 rerum

104 2086 317 2152 necessariam
354 2087 449 2170 nam,
486 2107 583 2170 quam
615 2108 687 2170 sos,
725 2087 817 2172 qussi
854 2086 970 2151 fortius
1007 2085 1130 2169 aliquid

105 2175 230 2240 ratione
239 2175 384 2258 haberet,
398 2175 612 2241 advocabatis.
632 2174 770 2260 denique
785 2176 963 2259 interrogo:
973 2174 1132 2239 valentior
1149 2191 1166 2241 c

106 2267 155 2329 est
187 2284 284 2347 quam
310 2264 394 2329 ratio
421 2286 464 2329 sn
490 2263 671 2329 infirmior?
716 2265 745 2329 si
766 2265 939 2348 valentior,
968 2263 1130 2348 quomodo

106 2353 156 2416 illi
187 2353 319 2417 modum
351 2353 434 2418 ratio
466 2353 587 2437 poterit
618 2354 797 2436 imponere,
828 2374 903 2418 cum
930 2374 1041 2436 perere
1068 2352 1131 2417 nisi

59 2458 86 2500 es
105 2441 318 2506 imbecilliore
346 2463 414 2507 non
443 2439 589 2508 soleant?
634 2443 662 2508 si
691 2441 851 2506 infirmior
881 2445 942 2524 est,
972 2442 1041 2506 sine
1070 2441 1132 2505 hec

105 2552 164 2614 per
195 2552 229 2596 se
258 2530 299 2595 ad
329 2552 436 2595 rerum
466 2531 597 2596 effectus
627 2530 750 2596 sufficit
778 2531 861 2595 ratio
891 2551 951 2595 nec
973 2528 1132 2594 desiderat

105 2619 315 2685 inbecillioris
343 2619 507 2684 auxilium.
558 2617 604 2684 ‘st
630 2621 705 2684 irati
722 2618 866 2704 quidum
894 2622 1043 2684 constant
1069 2617 1167 2684 sibie

106 2712 200 2774 etse
230 2706 419 2774 continent?
465 2705 617 2791 quando?
661 2729 735 2773 cum
758 2709 823 2772 ism
845 2709 894 2772 ire
916 2708 1077 2773 evanescit
1099 2709 1131 2770 et

106 2819 165 2863 sue
187 2800 303 2882 sponte
326 2797 465 2880 decedit,
486 2818 554 2861 non
575 2818 650 2861 cum
673 2797 708 2861 in
730 2797 802 2881 ipso
826 2796 951 2861 fervore
974 2800 1036 2879 est,
1053 2799 1132 2860 tunc

59 2902 87 2946 ss
106 2886 192 2952 enim
215 2886 380 2970 potentior
403 2890 458 2951 est.
497 2885 586 2969 ‘quid
610 2884 709 2971 ergo?
744 2907 812 2950 non
835 2885 1007 2969 aliquando
1030 2885 1066 2949 in
1083 2884 1167 2950 iras

106 2978 283 3059 quoquest
301 2974 469 3040 dimittunt
486 2975 663 3040 incolumes
678 2976 880 3058 intactosque
895 2995 976 3058 quos
995 2972 1132 3040 oderunt

195 3164 214 3219 s
232 3164 349 3219 indutus
364 3166 407 3219 est
420 3165 558 3220 Schultess
571 3165 631 3221 coll.
646 3181 706 3234 cap.
723 3170 795 3233 17,1
814 3164 947 3218 inductus
966 3163 1061 3233 (deleto
1079 3163 1132 3231 est)

108 3237 231 3307 Pfeaniy
255 3237 363 3292 moleste
387 3237 479 3304 ferens
504 3243 601 3305 quater
622 3238 766 3306 repetitam
790 3238 833 3291 est
857 3235 867 3308 ll
891 3235 926 3290 17
946 3251 975 3290 se
998 3233 1133 3290 liberabit

107 3308 176 3378 sely.
197 3305 363 3362 seliberauit
375 3309 404 3364 A
429 3307 439 3380 Ν
463 3305 500 3362 22
514 3315 579 3378 post
598 3306 782 3363 advocabstis
801 3306 899 3363 Haase
916 3308 1032 3363 alteram
1050 3323 1132 3378 arqu-

107 3381 284 3435 meotete'ouis
305 3385 415 3452 partem
439 3379 465 3435 si
488 3378 599 3447 aliquid
622 3379 732 3435 faciunt
752 3423 757 3434 .
774 3421 779 3433 .
794 3421 824 3435 ..
848 3379 1019 3434 intercidisse
1042 3379 1132 3447 suspi-

108 3455 187 3505 catus
212 3451 329 3506 lucunas
353 3453 463 3521 aenum
484 3452 595 3521 posuit;
617 3452 664 3506 sed
686 3450 737 3518 ess.
760 3450 945 3508 saumones
967 3450 1147 3504 secures.

110 3521 200 3576 Akad.
216 3520 355 3578 CXVIII
369 3525 441 3578 1889
458 3539 490 3592 p.
501 3527 535 3577 11
