2438 3846
108 165 175 232 284
313 163 343 217 n.
358 161 501 217 annm
519 160 684 216 samona
703 160 798 215 nnn.
813 159 880 214 ma.
894 159 928 214 x.

73 324 88 372 1
197 307 254 373 IV.
289 307 527 374 Potentissimis
550 311 583 372 et
605 307 640 371 in
663 307 765 372 altum
788 307 922 372 sublatis
944 305 1130 371 hominibus

107 397 253 463 excidere
280 418 376 464 voces
402 389 539 481 ridebis,
570 396 687 480 quibus
711 397 813 462 otium
837 398 962 480 optent,
988 395 1129 479 laudent,

108 486 257 552 omnibus
279 487 373 553 bonis
397 487 469 554 suis
486 486 676 572 praeferant.
713 486 848 570 cupiunt
866 485 995 550 interim
1013 506 1054 549 ex
1070 485 1129 550 illo

107 574 239 662 fastigio
270 598 343 661 suo,
373 576 401 642 si
427 580 499 642 tuto
526 576 635 660 liceat,
664 574 866 658 descendere3
889 596 965 639 nam
987 577 1025 638 ut
1046 574 1131 640 nihil

108 667 199 729 extra
229 665 366 732 lacessat
398 669 454 731 aut
486 666 622 749 quatiat,
659 663 694 728 in
726 686 760 729 se
791 665 862 749 ipsa
894 663 1024 729 fortuna
1054 663 1129 728 ruit.
1162 679 1174 722 s

72 752 201 827 aditus
224 751 406 840 Augustus,
430 755 482 822 cui
505 755 551 819 dii
573 755 667 839 plura
691 775 787 837 quam
809 753 870 817 ulli
892 752 1130 837 praestiterunt,

107 863 175 907 non
211 843 295 908 desit
333 845 474 928 quietem
506 844 569 909 sibi
599 844 724 927 precari
756 846 789 906 et
817 842 1018 908 vacationem
1048 863 1068 907 a
1096 863 1131 906 re

107 931 239 1015 publica
261 937 384 1018 petere;
407 933 511 999 omnis
535 934 603 998 eius
627 954 731 998 sermo
756 931 795 995 ad
815 932 879 997 hoc
897 952 1022 1016 semper
1040 949 1131 995 revo-

107 1019 196 1086 lutus
222 1026 284 1106 est,
312 1027 349 1088 ut
376 1026 524 1109 speraret
542 1022 657 1088 otium:
687 1021 750 1087 hoc
772 1021 898 1086 labores
922 1041 1010 1102 suos,
1033 1020 1132 1084 etiem

109 1109 137 1174 si
163 1108 260 1194 falso,
288 1111 376 1177 dulci
402 1116 511 1176 temen
539 1110 720 1176 oblectabat
743 1110 876 1192 solacio,
900 1108 1073 1192 aliquando
1098 1130 1131 1174 se
1150 1124 1176 1166 ιο

73 1198 270 1263 evicturum
296 1201 366 1266 sibi.
408 1201 446 1265 'in
469 1199 608 1284 quadem
631 1198 671 1263 ad
694 1201 840 1263 senatum
863 1199 961 1273 missa
983 1196 1132 1282 epistula,

109 1307 184 1352 cum
211 1289 354 1371 requiem
382 1311 473 1355 suam
499 1311 566 1362 non
587 1309 722 1353 vacuam
747 1287 817 1353 fore
840 1287 1006 1372 dignitatis
1029 1307 1133 1351 neca

109 1376 217 1460 priore
241 1378 345 1463 gloria
367 1379 602 1462 discrepantem
623 1376 789 1462 pollicitus
812 1380 910 1460 esset,
933 1376 1012 1442 haec
1034 1375 1133 1440 rerba

109 1465 232 1531 inveni:
256 1465 328 1532 ‘sed
345 1468 409 1532 ista
426 1467 497 1531 fieri
516 1466 691 1551 speciosius
706 1487 803 1549 quam
821 1465 968 1550 promitti
986 1467 1132 1550 possunt.

110 1575 162 1619 me
188 1558 298 1620 tamen
324 1556 442 1641 cupido
470 1555 625 1640 temporis
654 1555 848 1640 optatissimi
871 1554 952 1619 mihi
974 1555 1132 1639 provexit,
1151 1569 1177 1611 1⁵

109 1646 148 1708 ut
171 1646 324 1727 quoniam
346 1667 454 1710 rerum
476 1645 600 1711 laetitia
617 1648 762 1708 moratur
780 1644 896 1727 adhuc,
915 1643 1133 1728 praeciperem

75 1747 92 1794 4
111 1732 234 1817 aliquid
257 1734 433 1818 voluptatis
456 1756 497 1798 ex
518 1733 690 1798 verborum
704 1731 901 1817 ‘dulcedine'
950 1736 1041 1797 tanta
1063 1732 1134 1798 risa

111 1824 160 1886 est
182 1844 232 1888 res
256 1823 373 1906 otium,
395 1826 432 1887 ut
454 1823 558 1906 illam,
582 1823 658 1905 quia
680 1845 742 1887 usu
763 1844 830 1888 non
852 1825 992 1906 poterat,
1012 1821 1135 1906 cogita-

110 1910 199 1976 tione
222 1915 446 1997 praesumeret.
487 1912 543 1994 qui
566 1911 675 1976 omnia
697 1911 826 1976 videbat
849 1934 889 1975 ex
902 1933 945 1977 se
968 1933 1033 1976 uno
1057 1932 1134 1994 pen-

111 1999 232 2084 dentia,
265 2001 322 2084 qui
355 2000 540 2071 hominibus
578 2001 790 2085 gentibusque
827 1999 990 2066 fortunam
1028 1999 1134 2083 dabat,
1151 2015 1177 2056 ω

110 2087 205 2154 illum
234 2090 319 2154 diem
347 2089 542 2155 laetissimus
574 2088 750 2175 cogitabat,
783 2110 851 2172 quo
877 2088 1133 2174 magnitudinem

112 2198 203 2243 suam
232 2182 370 2244 exueret.
417 2181 566 2262 expertus
597 2181 678 2261 erat,
701 2182 865 2262 quantum
888 2179 946 2242 illa
967 2178 1053 2242 bona
1074 2198 1134 2262 per

113 2267 216 2342 omnis
248 2271 349 2333 terras
381 2266 547 2353 fulgentia
568 2266 694 2332 sudoris
724 2267 1132 2352 exprimerentfquantum

77 2356 311 2421 coccultarum
343 2354 597 2423 sollicitudinum
626 2359 784 2441 tegerentt
815 2378 890 2422 cum
916 2356 1041 2421 civibus
1069 2355 1134 2440 pri·

112 2466 214 2528 mum,
246 2442 360 2510 deinde
392 2467 466 2510 cum
498 2445 643 2530 collegis,
673 2445 847 2522 novissime
874 2467 948 2510 cum
973 2445 1132 2510 adfinibus
1151 2459 1177 2501 ¹⁵

113 2537 242 2599 coactus
266 2535 363 2600 armis
382 2534 549 2616 decernere
567 2534 649 2598 man'
665 2536 814 2618 terraque
832 2534 1020 2620 sanguinem
1040 2533 1132 2598 fudit.

112 2644 171 2707 per
192 2622 427 2706 Macedoniam,
451 2621 607 2706 Siciliam,
629 2619 829 2707 Aegyptum,
859 2621 985 2707 Syriam
1008 2620 1133 2688 Asiam·

114 2732 176 2795 que
208 2716 241 2776 et
272 2712 376 2777 omnis
407 2732 509 2796 prope
545 2733 617 2776 oras
654 2711 739 2776 bello
776 2713 954 2778 circuactus
987 2710 1134 2776 Romana

114 2800 209 2866 caede
230 2800 333 2866 lassos
357 2800 514 2866 exercitus
537 2799 578 2864 ad
601 2803 732 2865 externa
749 2799 835 2865 bella
852 2800 1019 2866 convertit.
1057 2799 1133 2864 dum

113 2886 214 2974 Alpes
233 2893 328 2973 pacat
345 2888 573 2972 immixtosque
592 2887 714 2953 mediae
732 2890 805 2974 paci
824 2894 857 2954 et
874 2889 1009 2974 imperio
1023 2888 1133 2954 hostes
1152 2903 1178 2944 ³⁰

114 2978 295 3063 perdomat,
327 2978 404 3043 dum
434 2978 487 3043 vel
518 2978 612 3041 ultra
635 2975 785 3042 Rhenum
817 2983 850 3043 et
880 2977 1070 3062 Euphraten
1101 2980 1135 3042 et

204 3170 223 3225 ὅ
240 3171 270 3225 in
285 3183 345 3225 ses
362 3169 422 3224 inte
436 3171 464 3225 A
481 3169 492 3242 ll
508 3169 598 3238 tque
611 3168 683 3224 nulli
696 3170 724 3225 A
743 3185 812 3226 corr.
825 3171 895 3241 colo.
913 3171 915 3242 l
931 3170 1135 3238 praestiterant

116 3241 199 3298 Gertz
216 3241 226 3314 Η
244 3241 262 3296 a
281 3243 407 3310 speraret
425 3242 449 3310 (t
461 3242 493 3295 ia
506 3257 560 3296 roe.
578 3257 631 3309 pro
645 3244 669 3309 s)
683 3243 711 3295 A
725 3247 790 3310 poet
801 3242 851 3296 hoo
863 3243 974 3296 verbone
987 3242 1135 3296 issemus

116 3329 170 3368 esec
191 3314 358 3384 eipsifioooit
377 3310 420 3367 A¹
442 3311 538 3366 otium.
573 3311 627 3366 hoc
649 3310 774 3380 labores,
796 3329 867 3382 quoe
887 3314 969 3368 certa
991 3314 1023 3367 ic
1047 3329 1134 3382 moro.

115 3385 251 3455 crppleoit
267 3383 277 3456 ll
295 3383 330 3439 10
348 3382 441 3456 falsols
457 3385 536 3453 (eros.
552 3386 575 3454 s)
589 3385 618 3440 A
642 3383 645 3455 l
663 3381 699 3439 15
716 3384 772 3439 huc
786 3391 851 3454 post
865 3385 936 3439 mihi
950 3385 1013 3439 odd.
1029 3384 1113 3439 Gertz
1125 3382 1136 3457 ll

110 3456 295 3511 minoratur.
308 3454 626 3526 utadhucAcorrsolp.
649 3455 1133 3529 pciperelfaliquidA(ercs.m)corr.

167 3525 230 3599 etl]
236 3525 404 3598 wpacsts
415 3525 572 3606 placatAll
584 3526 848 3585 arcensarcens
862 3528 942 3582 dunt
950 3529 979 3584 A
989 3528 1056 3581 dum
1065 3527 1133 3597 oolp.
