2438 3846
125 194 192 258 314
322 189 352 243 L.
367 188 510 242 ANNAEI
528 187 693 243 SENECAE
711 187 806 242 DlAL.
821 187 888 242 LIB.
903 186 949 242 XI.

91 353 105 403 1
214 333 270 400 111.
307 333 510 417 Adioiamus,
541 333 569 398 si
599 333 663 417 vis,
694 333 735 398 ad
764 332 823 398 has
854 333 1013 417 querellas
1043 333 1147 419 ipsius

126 425 338 490 renascentis
375 423 585 507 interceptam
621 423 705 486 inter
736 423 841 506 prima
872 423 1069 488 incrementa
1100 424 1148 488 in-

126 515 246 579 dolem:
276 510 393 598 dignus
422 511 487 576 fuit
515 511 570 577 ille
599 515 631 576 te
661 509 769 576 fratre.
813 515 857 576 tu·
878 515 963 577 oerte
985 534 1055 578 eras
1078 513 1148 598 dig-

125 603 291 686 nissimus,
315 601 372 686 qui
394 623 435 666 ne
459 621 498 664 ex
520 599 654 686 indigno
679 600 809 683 quidem
828 601 1002 684 quiequam
1021 602 1147 667 doleres

126 693 237 757 fratre:
266 689 411 755 redditur
440 688 490 753 illi
516 688 738 754 testimonium
766 690 898 773 aequale
921 691 1066 756 omnium
1089 691 1148 755 ho·
1180 712 1192 754 s

126 781 264 863 minum,
300 778 498 843 desideratur
533 778 568 842 in
599 781 693 843 tuum
723 777 894 862 honorem,
930 778 1081 844 laudatur
1112 781 1148 844 in

90 886 112 935 2.
127 891 230 934 suum.
279 867 362 932 nihil
390 866 425 930 in
454 865 511 930 illo
547 866 622 951 fuit,
653 866 739 950 quod
765 889 833 932 non
858 867 996 933 libenter
1027 868 1148 954 adgno·

127 980 239 1024 saeros.
285 960 322 1021 tu
360 953 489 1040 quidem
522 957 619 1021 etiam
651 955 758 1020 minus
789 956 875 1021 hono
908 955 1000 1021 fratri
1029 954 1147 1023 fuisses

125 1048 244 1130 bonus,
271 1045 327 1111 sed
349 1045 384 1108 in
406 1044 463 1108 illo
487 1045 590 1129 pietas
613 1048 670 1110 tua
692 1044 841 1110 idoneam
861 1049 957 1110 naata
979 1047 1148 1111 materiam

127 1137 229 1201 multo
258 1155 292 1198 se
318 1132 451 1199 liberius
479 1134 628 1199 exercuit.
674 1155 769 1198 nemo
797 1135 976 1219 potentiam
1003 1135 1072 1199 eius
1101 1136 1192 1200 in·1o

126 1225 210 1290 iuria
232 1223 345 1304 sensit,
367 1242 545 1304 numquam
567 1222 622 1287 ille
644 1225 676 1287 te
695 1222 827 1286 fratrem
845 1223 905 1287 ulli
923 1223 1066 1288 minatus
1085 1228 1148 1307 est;

127 1313 167 1378 ad
195 1312 378 1395 exemplum
402 1331 436 1374 se
459 1310 634 1375 modestiae
656 1314 731 1375 tuae
753 1311 948 1377 formaverat
970 1312 1149 1399 cogitabat

128 1424 204 1486 que,
222 1403 379 1484 quantum
398 1401 435 1462 tu
454 1402 728 1464 sternumentum
746 1403 877 1464 tuorum
897 1421 981 1465 esses
1001 1405 1034 1465 et
1052 1422 1148 1466 onus:

92 1490 254 1557 esuffeoit
276 1489 331 1554 ille
353 1487 431 1551 huie
454 1489 604 1554 sarcinae.
650 1511 670 1553 o
694 1488 773 1553 dura
793 1489 861 1553 fata
879 1493 911 1554 et
927 1490 1027 1554 nullis
1046 1495 1149 1574 aequa

93 1656 97 1663 ⁶
127 1578 315 1645 virtutibus!
360 1579 533 1660 antequam
564 1578 752 1644 felicitatem
785 1599 876 1643 suam
908 1582 1020 1644 nosset
1049 1579 1149 1644 frater
1169 1599 1195 1642 rs

127 1672 218 1751 tuus,
244 1669 410 1750 exemptus
438 1670 494 1730 est.
540 1689 655 1750 parum
678 1670 786 1731 autem
809 1689 860 1732 me
882 1667 1044 1753 indignari
1068 1668 1150 1752 eoio;

127 1757 211 1821 nihil
247 1759 299 1820 eet
327 1755 413 1819 enim
445 1754 609 1821 difficilius
643 1777 740 1839 quam
771 1777 889 1842 magno
922 1756 1027 1822 dolori
1058 1757 1151 1842 paria

127 1845 226 1911 verba
256 1843 403 1929 reperire.
450 1845 635 1909 etiamnunc
665 1848 786 1928 tamen,
823 1845 851 1910 si
883 1845 961 1929 quid
993 1845 1150 1931 profluere

92 1951 312 2018 spossumus,
340 1954 586 2018 conqueramur:
617 1933 709 2017 ‘quid
737 1934 798 1999 tibi
824 1934 971 2018 uoluisti,
1002 1938 1070 1999 tam
1102 1935 1150 2000 in·

128 2024 213 2088 iusta
231 2025 347 2086 ettam
366 2022 509 2089 violenta
525 2021 677 2087 fortuna?
713 2025 780 2087 tam
799 2021 865 2088 oito
883 2026 916 2087 te
929 2023 1151 2110 indulgentiae
1168 2044 1195 2085 ro

128 2115 202 2176 tuae
238 2111 420 2195 paenituit?
466 2133 547 2195 quae
579 2112 642 2175 ista
674 2111 845 2176 erudelitas
878 2115 927 2177 est
958 2113 994 2177 in
1025 2112 1150 2178 medios

128 2201 242 2265 fratres
269 2200 425 2283 impetum
452 2201 556 2265 faeere
585 2203 617 2264 et
638 2204 705 2264 tam
729 2204 861 2265 eruenta
883 2201 997 2284 rapine
1020 2222 1151 2267 oonoor-

129 2289 293 2354 dissimum
316 2288 445 2354 turbam
467 2289 671 2373 imminuere,
693 2293 760 2353 tam
783 2289 864 2353 bene
888 2291 1040 2375 stipatam
1064 2290 1150 2375 opti·

128 2399 255 2443 morum
278 2377 530 2444 adulescentium
554 2377 701 2460 domum,
723 2379 757 2441 in
779 2378 871 2442 nullo
893 2378 992 2443 fratre
1016 2380 1150 2464 degere

128 2471 267 2550 rantem,
293 2467 423 2532 turbare
446 2471 479 2533 et
501 2468 570 2532 sine
592 2467 660 2534 ulla
682 2487 779 2532 eausa
802 2466 942 2532 delibare
965 2467 1149 2553 [voluisti]?
1169 2487 1195 2528 as

93 2571 109 2621 ὁ
127 2555 211 2621 nihil
234 2577 310 2642 ergo
334 2556 466 2640 prodest
488 2556 672 2622 innocentia
695 2554 735 2618 ad
758 2577 887 2620 omnem
905 2556 1010 2643 legem
1029 2560 1150 2640 exacta

128 2644 211 2710 nihil
256 2645 390 2728 antiqua
434 2645 616 2730 frugalitas,
665 2642 750 2708 nihil
793 2643 959 2710 felicitatis
1005 2667 1150 2710 summae

217 2835 236 2890 3
254 2835 342 2892 fratre
363 2837 385 2892 0
407 2837 496 2890 frater
516 2835 597 2892 Gertz
608 2834 629 2960 ,l
650 2833 722 2889 ine
739 2835 806 2890 DE
823 2836 942 2907 Bentley
963 2852 1016 2891 neo
1034 2835 1149 2908 3th

128 2907 246 2976 indigno
267 2907 407 2978 GVniq.
427 2908 513 2977 digno
535 2906 586 2979 Ol!
625 2905 694 2960 eeu
712 2906 822 2961 etDE
837 2907 979 2962 etBHG
995 2907 1006 2980 ll
1023 2905 1060 2961 14
1077 2923 1152 2976 equa

128 2979 198 3033 BH
219 2976 291 3032 bene
317 2994 390 3047 equa
411 2979 479 3033 DE
503 2976 585 3045 (bene
610 2979 642 3031 in
664 2977 730 3032 aliis
752 2978 891 3033 codicibus
908 2980 974 3048 poet
996 2979 1151 3047 antequam

130 3051 244 3120 truttam
261 3050 312 3116 cfr.
327 3050 480 3104 Rossbach:
502 3050 536 3103 de
556 3048 617 3104 Sen.
638 3049 730 3104 libror.
748 3051 901 3104 recensione
919 3056 946 3104 et
963 3049 1152 3104 emendatione

124 3136 155 3189 p.
172 3122 260 3188 neq.)
285 3118 409 3189 benigna
430 3120 566 3176 Schultess
589 3119 600 3190 ll
624 3119 660 3174 18
681 3119 805 3188 reperire
824 3120 853 3174 B
878 3121 1031 3188 rependere
1052 3119 1152 3174 ΒΕΘ

129 3191 333 3259 reprehendere
348 3191 382 3244 H
401 3191 403 3261 l
425 3191 588 3245 etiamnunc
602 3191 699 3246 Harae
716 3190 775 3244 iam
789 3207 864 3244 nuno
881 3191 904 3246 0
920 3190 936 3314 l,
948 3189 984 3244 20
1003 3190 1059 3244 aito
1078 3192 1108 3244 te
1122 3191 1151 3245 B

129 3264 158 3317 te
182 3279 232 3317 one.
253 3263 277 3318 (J
299 3262 309 3334 ll
333 3261 368 3316 21
392 3264 447 3328 est,
470 3263 501 3316 in
523 3261 701 3317 medios
726 3261 852 3317 delibare
876 3261 1035 3334 [uouisti]?
1060 3261 1152 3329 Gertz,

129 3332 245 3388 voluisti
271 3335 373 3389 inseite
397 3335 606 3403 interpolatione
631 3335 669 3388 ad
692 3335 845 3400 infinitivus
868 3334 999 3404 tenendos
1024 3333 1151 3388 additum

130 3422 185 3461 ease
203 3407 355 3461 arbitratus
379 3408 439 3461 est?
467 3406 498 3459 in
515 3405 623 3460 medios
643 3448 693 3459 ...
714 3404 840 3460 delibare
858 3405 992 3458 uoluisti?
1014 3405 1122 3476 Oeolq.
1141 3408 1152 3477 ΙΙ

119 3475 164 3529 23
179 3478 238 3529 tam
255 3477 328 3532 bene
340 3479 370 3532 B
389 3477 506 3532 tandem
521 3478 545 3533 0
550 3477 575 3532 G
594 3479 677 3532 tatere
694 3479 754 3531 tam
768 3476 854 3532 dense
869 3479 1026 3546 suspicatur
1042 3477 1124 3532 Gerte
1141 3484 1151 3538 ΙΙ

103 3542 147 3595 26
164 3546 285 3603 turbare
298 3550 377 3606 BH
386 3549 564 3623 proturbare
579 3551 609 3607 D
627 3546 797 3623 perturbare
811 3549 839 3604 E
