2438 3846
90 174 141 228 AD
156 173 332 229 SERENVM
344 174 394 228 Dr
408 172 728 240 TRANQVILLITATE
742 173 851 228 ANIMI
864 172 941 230 CAP.
956 180 972 229 δ
1013 177 1080 244 255

64 323 96 385 et
125 320 238 385 infelix
265 321 354 385 ouria
381 320 526 404 tyrannis
556 320 801 406 angustabatur:
831 323 999 403 poteratne
1022 321 1080 384 illa

63 408 175 474 civitas
207 409 444 495 conquiescere,
476 409 511 473 in
543 429 616 493 qua.
638 412 688 474 tot
718 410 848 494 tyranni
879 413 969 474 erant
1001 412 1081 494 quot

61 500 140 564 sutis
163 499 316 564 satellites
335 499 461 564 essent?
496 521 537 563 ne
556 520 627 583 spes
648 498 776 584 quidem
794 499 863 564 ulla
880 499 1080 583 recipiendae

61 589 218 654 libertatis
243 588 357 653 animis
380 591 508 672 poterat
531 588 652 672 offerri,
674 610 733 654 nec
750 588 810 653 ulli
828 587 969 653 remedio
988 589 1079 653 locus

31 679 237 762 sapparebat
272 680 385 742 contra
415 681 539 742 tantam
571 677 637 741 vim
669 678 841 742 malorum:
877 677 961 742 unde
994 677 1079 742 enim

62 767 195 831 miserae
227 767 352 831 civitati
383 769 434 831 tot
462 765 680 832 Harmodios?
728 764 876 831 Socrates
906 769 1016 831 tamen
1045 766 1113 833 ina

61 855 168 920 medio
187 860 256 920 erat
274 860 306 921 et
318 856 460 941 lugentis
474 859 580 940 patres
595 856 821 921 consolabatur
834 861 867 921 et
881 853 1078 939 desperantis
1171 856 1174 862 ’

62 943 101 1009 de
123 967 158 1008 re
180 945 311 1028 publica
333 945 563 1010 exhortabatur
584 949 617 1010 et
639 944 792 1010 divitibus
816 965 894 1029 opes
918 965 991 1010 suas
1014 966 1079 1009 me-

61 1034 226 1098 tuentibus
245 1034 460 1118 exprobrabat
477 1056 579 1099 seram
594 1034 792 1118 periculosae
806 1032 957 1098 avaritiae
971 1034 1079 1117 paeni-

15 1144 43 1183 1o
60 1123 194 1187 tentiam
227 1126 260 1188 et
288 1122 408 1188 imitari
437 1122 620 1187 volentibus
650 1143 803 1207 magnum
835 1121 1078 1189 circumferebat

61 1214 236 1296 exemplar,
266 1233 340 1278 cum
367 1212 450 1276 inter
476 1211 611 1297 triginta
634 1212 781 1277 dominos
803 1212 885 1277 liber
908 1212 1076 1277 incederet.

58 1299 148 1367 hunc
176 1304 285 1365 tamen
311 1300 457 1367 Athenae
485 1301 573 1385 ipsae
600 1300 635 1364 in
662 1321 788 1366 carcere
815 1301 1013 1385 occiderunt,
1046 1304 1113 1366 eta

61 1390 117 1473 qui
146 1393 218 1455 tuto
249 1391 458 1456 insultaverat
487 1389 609 1475 agmini
635 1392 859 1474 tyrannorum,
887 1391 955 1456 eins
983 1391 1077 1455 liber-

59 1483 160 1544 tatem
191 1479 322 1545 libertas
351 1501 418 1544 non
446 1479 535 1543 tulit:
565 1479 643 1544 licet
670 1478 751 1545 scias
780 1479 869 1544 etin
891 1479 1077 1544 adflictare

13 1568 189 1652 republica
216 1590 284 1634 esse
312 1569 513 1634 occasionem
540 1568 678 1652 sapienti
700 1569 771 1633 viro
794 1569 835 1632 ad
858 1590 892 1634 se
915 1568 1076 1652 proferen-
1180 1648 1182 1652 μ

59 1658 136 1723 dum
168 1662 200 1723 et
232 1659 266 1722 in
298 1657 427 1723 florenti
459 1678 497 1722 ao
525 1658 619 1722 beata
647 1656 873 1742 petulantiam,
912 1658 1075 1741 invidiam,

59 1747 147 1811 mille
170 1747 233 1812 alia
255 1747 371 1812 inertia
393 1747 473 1811 vitia
496 1768 637 1832 regnare.
674 1751 849 1830 utcumque
872 1767 949 1832 ergo
973 1769 1007 1812 se
1025 1769 1075 1811 res
1094 1763 1112 1810 4

58 1836 188 1921 publica
211 1836 314 1920 dabit,
336 1840 510 1919 utcumque
533 1837 664 1901 fortuna
685 1837 864 1921 permittet,
886 1835 932 1900 ita
950 1839 1006 1900 aut
1024 1858 1076 1900 ex·

58 1926 249 2010 plioabimus
281 1947 341 1991 nos
373 1928 429 1990 aut
462 1925 699 2008 contrahemuS,
731 1926 857 2014 utique·
876 1923 1075 1989 movebimus

10 2037 40 2077 ao
57 2035 117 2080 nec
149 2015 274 2100 alligati
305 2019 393 2080 metu
424 2015 631 2100 torpebimus.
677 2015 777 2079 immo
806 2015 861 2078 ille
891 2013 941 2078 vir
969 2013 1077 2096 fuerit,

59 2103 115 2186 qui
150 2104 302 2187 periculis
333 2103 475 2188 undique
506 2104 761 2187 imminentibus,
798 2103 895 2168 armis
927 2103 1012 2169 circa
1043 2105 1076 2167 et

58 2193 178 2258 catenis
205 2192 415 2257 frementibus
442 2213 508 2256 non
531 2192 665 2257 alliserit
687 2193 839 2256 virtutem
860 2212 921 2256 nec
944 2192 1074 2257 abscon-

59 2281 154 2365 derit3
170 2303 238 2346 non
256 2284 305 2346 est
323 2281 408 2346 enim
427 2303 551 2346 servare
570 2303 604 2347 se
623 2281 765 2346 obruere.
801 2302 881 2365 vere,
899 2285 937 2345 ut
951 2282 1075 2366 opinor,
1094 2297 1110 2346 ὁ

59 2368 173 2436 (lurius
196 2369 354 2436 Dentatus
378 2369 495 2455 aiebat,
523 2371 619 2435 malle
642 2391 675 2435 se
699 2391 768 2436 esse
791 2374 954 2435 mortuum
978 2391 1074 2453 qnam

146 2545 163 2600 1
183 2544 389 2616 angustabatur
408 2545 491 2602 Gertz
509 2546 673 2615 angusta-A
691 2545 752 2614 (cfr.
767 2562 797 2615 p.
811 2549 874 2612 254,
888 2546 917 2616 8)
935 2545 945 2618 Η
968 2544 987 2598 3
1005 2546 1075 2598 satis

57 2616 121 2671 add.
142 2618 260 2688 Modoiq
282 2620 327 2671 sat
345 2619 437 2672 minus
455 2619 519 2673 berra
537 2617 666 2686 Epeiros,
684 2634 746 2672 uem
763 2617 815 2671 buo
831 2616 924 2683 formo
941 2616 1004 2672 Sca.
1018 2633 1075 2671 noc

56 2692 154 2742 utatur
176 2689 234 2743 nisi
258 2689 289 2742 ic
314 2689 448 2744 boeticae
475 2690 520 2742 sat
545 2690 589 2742 eat
615 2687 625 2772 l]
651 2688 669 2742 9
695 2703 786 2741 seram
810 2688 879 2758 aotp.
907 2686 996 2741 feram
1020 2688 1047 2741 A
1065 2686 1076 2758 Η

56 2757 92 2813 13
111 2758 202 2814 eiuss
219 2765 244 2814 et
261 2759 330 2827 oolp.
350 2760 421 2813 ciuis
435 2761 463 2814 A
484 2759 494 2832 Η
519 2759 554 2814 14
572 2759 651 2814 tulit:
675 2758 743 2813 licet
760 2759 834 2813 scias
853 2759 1031 2814 Bodetctbaer
1050 2765 1075 2813 et

56 2845 104 2885 eo
122 2831 231 2899 pariter
255 2832 315 2899 (cfr.
335 2846 357 2886 c.
376 2835 403 2898 8,
416 2834 445 2899 3)
463 2830 538 2886 tulit.
551 2830 590 2902 l&
608 2833 641 2885 ut
659 2831 732 2885 scias
749 2833 777 2885 A
799 2829 809 2902 ll
830 2830 867 2885 16
884 2829 1073 2898 petulantiam

90 2903 172 2970 psius
185 2902 334 2970 pecuniam
343 2902 371 2956 A
380 2902 578 2971 impotentiam
587 2904 743 2957 Pincianus
753 2901 927 2964 ¹calumniam
937 2900 1075 2972 Modoipll

55 2972 90 3027 17
109 2973 212 3026 inertia
229 2975 261 3027 ic
278 2990 364 3044 mare.
378 2975 495 3028 ualuas
512 2981 538 3029 et
554 2974 674 3044 Madvip
692 2974 810 3027 inermia
824 2976 852 3028 A
874 2973 885 3046 Η
909 2973 944 3028 19
963 2974 1072 3027 contra-

55 3043 154 3099 hemus
177 3044 245 3115 colp.
272 3044 464 3098 contrahimus
484 3046 512 3100 A
537 3045 547 3117 Η
571 3045 737 3100 tilecastri.
761 3044 843 3100 Gertz
861 3051 925 3100 acte
948 3059 1074 3109 servare,-

54 3115 103 3171 sed
124 3116 174 3183 cfr.
193 3117 252 3171 ciue
274 3116 346 3171 aad.
365 3117 425 3171 crit.
440 3132 470 3184 p.
485 3120 538 3171 165
552 3132 593 3170 aa.
620 3116 623 3186 l
651 3114 812 3184 obruere<
831 3119 943 3184 vera>
964 3117 997 3170 nt
1017 3132 1034 3170 o
1057 3156 1072 3181 .‚

56 3184 154 3241 (lurius
173 3188 275 3256 Haupt
297 3184 413 3241 obruere
431 3190 465 3240 ut
483 3188 590 3256 opinor.
602 3187 606 3260 l
619 3186 718 3242 Curius
732 3189 759 3242 A
778 3194 804 3242 et
818 3189 887 3257 culp.
905 3187 916 3260 ll
932 3186 968 3241 24
986 3132 1072 3240 malla

55 3273 115 3313 essa
134 3273 164 3312 sa
181 3257 223 3313 A¹
240 3259 288 3313 sed
305 3260 392 3329 uanis
416 3275 498 3328 saper
524 3260 629 3314 additis
652 3277 686 3314 m.
708 3264 737 3326 2,
762 3266 794 3314 at
817 3259 883 3325 vid,
905 3259 1074 3328 upaifioaoit

55 3329 151 3384 ordine
173 3330 280 3384 invaso
304 3331 447 3401 leuandum
472 3347 527 3386 esse
551 3328 637 3385 malle
662 3328 806 3453 seessaAE
830 3345 915 3397 quarn
932 3330 1030 3383 uiuere
1044 3331 1072 3383 A

55 3393 142 3454 locam
160 3407 229 3455 recte
248 3401 326 3456 medo
344 3419 486 3457 coenasse
504 3403 634 3472 Dipsium
652 3417 738 3471 quam
757 3401 786 3454 vi
807 3401 848 3454 eri
866 3401 966 3469 Haupt
986 3416 1071 3468 quam

55 3474 246 3540 <nequam>
268 3473 361 3527 vivere
379 3474 496 3544 Madoip
523 3490 608 3542 quam
631 3474 723 3528 vivere
746 3470 959 3540 <sepultum>
982 3472 1075 3524 Haase

55 3556 139 3610 quarn
157 3542 285 3612 riv<nm
304 3546 452 3615 torp>ere
471 3546 628 3604 Haebcrtiu
