2438 3846
348 157 398 211 nn
416 156 670 232 raovmaurm
688 155 765 213 om.
782 163 806 212 1.
822 162 837 210 a
1082 161 1102 226 3

79 305 148 370 eius
172 305 415 389 aemulatorque
438 308 472 368 et
493 325 570 368 vera
589 303 774 390 progenies,
798 324 895 386 quam
913 325 1029 387 parens
1048 304 1103 369 ille

79 395 285 480 magnificus,
314 393 474 458 virtutum
502 414 570 459 non
598 393 681 458 lenis
711 396 856 475 exactor,
885 392 969 458 siout
1001 393 1104 458 seueri

78 487 201 568 patres,
224 482 335 548 durius
359 482 483 548 educat.
524 483 634 566 itaque
657 503 731 547 cum
754 481 873 547 videris
894 481 998 548 bonos
1017 481 1140 548 viroso

79 576 293 657 acceptosque
323 572 384 636 diis
414 571 576 654 laborare,
605 571 734 655 sudare,
756 570 973 657 perarduum
996 592 1105 638 escen·

48 661 168 745 edere,
204 663 307 726 malos
343 664 452 726 autem
488 660 637 727 lascivire
673 663 706 726 et
739 659 963 746 voluptatibus
995 662 1105 744 fluere,

80 750 189 836 cogita
223 751 366 815 filiorum
403 770 463 815 nos
500 749 659 815 modestia
695 749 861 834 delectari,
897 750 1104 816 remulamm

79 839 225 922 licentia,
253 839 327 905 illos
358 838 529 922 disciplina
559 839 696 905 tristiori
719 838 891 922 contineri,
920 838 1038 904 horum
1061 839 1105 904 ali

80 928 256 994 audaciam.
297 928 383 994 idem
406 928 468 993 tibi
491 927 530 993 de
553 928 613 993 deo
636 929 773 1013 liqueat:
796 929 920 993 bonum
941 928 1047 994 virum
1070 928 1106 993 in

79 1018 202 1084 deliciis
220 1017 417 1101 nonhabet,
440 1019 621 1102 experitur,
642 1016 786 1101 indurat,
810 1017 872 1083 sibi
890 1017 984 1082 illum
1003 1021 1104 1102 parat.

34 1149 61 1188 ro
168 1123 207 1190 H.
239 1123 363 1202 ‘Quare
394 1126 499 1189 multa
530 1123 625 1190 bonis
648 1124 725 1189 viris
757 1124 891 1190 adversa
913 1124 1139 1191 eveniunt?'1

78 1214 162 1278 nihil
191 1214 335 1280 accidere
365 1214 452 1279 bono
481 1212 552 1279 viro
583 1214 661 1278 mali
688 1217 810 1298 potest:
839 1234 907 1279 non
929 1213 1107 1280 miscentur

80 1304 249 1386 contraria
295 1302 568 1388 quemadmodum
590 1306 642 1368 tot
665 1325 789 1387 amnes,
815 1307 944 1368 tantum
967 1325 1105 1388 superne

79 1391 277 1459 deiectorum
309 1393 478 1476 imbrium,
506 1396 598 1458 tanta
628 1393 861 1457 medicatorum
885 1393 933 1458 vis
963 1393 1105 1459 fontium

79 1503 146 1546 non
168 1485 297 1548 mutant
319 1503 468 1566 saporem
491 1482 604 1565 maris,
633 1505 674 1547 ne
696 1483 869 1547 remittunt
891 1482 1037 1568 quidem,
1059 1483 1106 1547 ita

33 1593 60 1633 15
80 1570 284 1636 aduersarum
315 1571 457 1655 impetus
485 1593 593 1636 rerum
623 1572 685 1636 viri
711 1571 807 1636 fortis
829 1593 897 1637 non
918 1571 1017 1637 vertit
1039 1572 1106 1637 ani·

80 1681 186 1724 mum:
223 1664 333 1724 manet
364 1661 399 1724 in
432 1663 520 1724 statu
552 1664 586 1725 et
618 1660 772 1744 quioquid
804 1659 912 1726 evenit
942 1660 978 1726 in
1009 1682 1105 1727 suum

80 1749 222 1814 colorem
249 1748 363 1832 trahit3
391 1752 441 1814 est
468 1749 554 1814 enim
584 1749 734 1815 omnibus
763 1749 904 1815 externis
930 1751 1104 1835 potentior.
1139 1755 1140 1758 ’

80 1859 140 1904 neo
157 1838 221 1904 hoc
239 1837 325 1904 dico:
348 1859 416 1904 non
434 1839 622 1923 comitilia,
640 1839 696 1904 sed
712 1839 814 1905 vineit
828 1842 861 1905 et
875 1839 998 1924 alioqui
1017 1840 1105 1925 quie
1124 1857 1140 1904 2

79 1933 133 1994 tus
163 1927 373 2013 placidusque
403 1932 516 1993 contra
547 1929 745 1994 incurrentia
774 1928 943 1994 attollitur.
997 1929 1106 1994 omnia

33 2038 61 2078 ao
80 2016 214 2083 adversa
236 2017 483 2084 exercitationes
501 2021 604 2103 putat.
650 2017 723 2102 quis
742 2022 865 2102 autem,
887 2017 938 2083 vir
956 2018 1053 2083 modo
1073 2022 1106 2084 et

80 2110 206 2172 erectus
235 2106 276 2172 ad
303 2106 456 2190 honesta,
478 2129 547 2173 non
569 2111 618 2172 est
640 2106 762 2173 laboris
789 2107 944 2192 adpetens
972 2106 1050 2173 iusti
1073 2111 1107 2173 et

80 2195 124 2260 ad
144 2195 252 2262 officia
275 2217 350 2262 cum
376 2197 520 2281 periculo
550 2197 743 2281 promptus?
780 2197 834 2263 cui
855 2218 923 2262 non
945 2195 1105 2262 industrio

80 2283 184 2350 otium
202 2307 307 2370 poena
325 2284 396 2350 est?
418 2285 556 2351 athletas
575 2284 736 2370 videmus,
755 2287 873 2370 quibus
891 2286 1010 2351 virium
1029 2306 1106 2352 cura
1124 2302 1140 2350 3

80 2378 143 2459 est,
166 2395 239 2440 cum
257 2375 443 2441 fortissimis
467 2374 651 2460 quibusque
674 2375 847 2463 confligere
866 2379 899 2441 et
918 2375 1045 2463 exigere
1063 2376 1104 2441 ab

34 2482 61 2523 aa
79 2463 107 2528 ie
137 2485 196 2548 per
227 2484 309 2549 quos
342 2464 509 2529 certamini
539 2469 785 2549 praeparantur,
816 2469 855 2530 ut
883 2465 962 2530 totis
993 2469 1106 2531 contra

80 2553 169 2637 ipsos
191 2553 314 2618 viribus
338 2557 485 2637 utantur3
514 2554 604 2619 caedi
626 2575 660 2619 se
684 2555 858 2639 vexarique
880 2554 1050 2639 patiuntur
1072 2559 1106 2620 ot

81 2641 109 2707 si
135 2663 203 2707 non
229 2642 400 2708 inveniunt
429 2643 575 2729 singulos
602 2665 710 2728 pares,
739 2643 887 2729 pluribus
915 2643 1014 2709 simul
1030 2644 1105 2709 obi·

81 2731 219 2796 ciuntur.
264 2734 386 2798 marcet
413 2732 483 2798 sine
511 2731 693 2799 adversario
717 2734 834 2817 virtus3
863 2736 943 2799 tunc
970 2737 1141 2819 apparete

82 2825 203 2904 quanta
221 2821 265 2885 sit
283 2825 504 2906 quantumque
523 2823 658 2908 polleat,
677 2845 751 2889 cum
766 2821 845 2906 quid
863 2821 968 2907 possit
980 2822 1104 2908 patien-

34 2930 62 2970 eo
80 2910 127 2975 tia
150 2909 299 2976 ostendit
345 2910 427 2977 scias
454 2910 532 2977 licet
558 2911 643 2977 idem
666 2912 744 2978 viris
772 2911 866 2977 bonis
891 2933 960 2978 esse
986 2911 1104 2979 facien·

81 2999 172 3084 dum,
194 3004 233 3066 ut
251 2998 331 3065 dura
353 3022 390 3066 ac
409 2999 555 3066 difficilia
576 3023 644 3067 non
665 3000 877 3068 reformident
899 3022 959 3067 nec
977 3001 1017 3067 de
1034 3002 1103 3068 fato

171 3175 187 3229 1
207 3175 378 3245 emulatorq3
402 3176 465 3302 Ad.
488 3175 507 3232 2
531 3176 660 3250 nonlqnis
679 3178 707 3233 A
734 3177 738 3248 1
774 3177 815 3231 sie
838 3179 872 3231 ut
890 3177 918 3232 A
943 3182 976 3231 ct
997 3178 1105 3280 acepalq

80 3245 264 3315 tpatresA⁶
278 3248 313 3316 (l)
326 3248 423 3315 partes
469 3246 507 3320 ¹1]
524 3247 706 3304 lescendere
720 3250 895 3319 Bonqcrse'ua
913 3246 1048 3303 excedere
1061 3250 1091 3304 A

80 3332 149 3373 corr.
168 3319 200 3372 in
218 3317 373 3373 excendere
390 3317 433 3374 A¹
449 3317 460 3391 ΙΙ
482 3318 517 3374 11
536 3318 625 3374 nichil
638 3321 667 3376 A
684 3327 717 3376 ct
733 3323 791 3388 tere
807 3335 912 3389 temper
932 3317 943 3392 ΙΙ
965 3317 1001 3373 12
1019 3334 1104 3388 quem

81 3389 248 3462 enodare!
272 3388 308 3446 18
327 3389 384 3445 alio
402 3389 453 3460 qui
470 3392 627 3460 (mercaret
643 3390 785 3464 m.2)Al
808 3389 980 3464 ttpenaA
997 3391 1105 3458 atsere

80 3460 354 3601 ffimfflflnfiaabis
366 3462 511 3592 algiqmlgqqrt
523 3460 571 3592 (qq
584 3462 787 3535 iiaWeaeaterq
811 3460 895 3518 abhia
908 3463 939 3518 A
954 3460 993 3515 ah
1007 3461 1054 3515 en
1064 3463 1125 3525 at

293 3550 327 3589 aa
344 3550 364 3604 p
508 3578 513 3591 .

893 3638 927 3692 t*
