2438 3846
91 161 158 228 332
288 158 319 213 n.
334 156 477 248 Annum
495 154 661 212 anmoins
679 156 775 213 omn
789 155 857 211 nin.
870 155 918 211 m.

93 305 209 370 simam
239 306 272 369 et
299 326 341 369 ne
371 302 401 369 ei
432 302 561 387 quidem
585 324 693 369 rerum
715 287 832 368 natura
852 303 987 391 lugendi
1008 323 1116 369 neces-

92 395 222 460 sitatem
249 393 397 477 abstulit,
425 392 478 458 cui
505 393 629 459 caelum
658 391 888 475 destinaverat,
914 392 1014 458 immo
1038 414 1116 459 vero

91 483 177 550 idem
201 483 291 547 omni
314 503 429 568 genere
452 481 601 548 orbitatis
623 484 758 548 uexatus
781 480 901 546 sororis
924 481 1028 548 filium
1047 503 1119 548 suc,

91 572 230 640 cessioni
248 574 474 656 praeparatum
492 593 569 637 suae
586 570 740 656 perdidit3
758 569 898 655 denique
915 593 957 636 ne
970 571 1116 658 singulos

93 662 162 727 eius
184 659 292 733 luctis
316 681 513 746 enumerem,
537 664 569 726 et
591 680 726 748 generos
745 660 802 726 ille
820 659 930 725 amisit
947 663 980 726 et
997 661 1117 727 liberos
1149 677 1161 720 u

93 753 127 817 et
156 752 304 834 nepotes,
336 770 374 815 ac
405 771 501 815 nemo
533 749 638 836 magis
669 771 710 814 ex
742 748 893 814 omnibus
925 750 1117 816 mortalibus
1148 814 1150 818 ,

92 839 257 905 hominem
294 859 363 905 esse
400 859 448 923 se,
484 838 562 904 dum
593 839 678 904 inter
708 837 857 904 homines
890 842 973 922 erat,
1008 839 1117 906 sensit.

92 931 202 998 tamen
223 931 275 993 tot
297 931 471 1013 tantosque
492 928 601 993 luctus
624 927 711 1013 cepit
732 949 840 993 rerum
860 928 1006 993 omnium
1024 949 1119 1013 capa·

93 1017 259 1084 cissimum
289 1016 357 1084 eius
386 1020 500 1103 pectus
530 1016 699 1101 uictorque
729 1015 822 1083 diuus
852 1014 1021 1104 Augustus
1051 1039 1119 1084 non

92 1106 239 1194 gentium
265 1106 491 1172 tantummodo
519 1109 739 1189 externarum,
765 1105 821 1173 sed
848 1107 946 1171 etiam
969 1107 1119 1172 dolorum
1137 1124 1163 1166 ιο

56 1214 74 1263 4
94 1195 165 1262 fuit.
212 1193 311 1262 Gaius
330 1193 461 1281 Caesar,
483 1195 549 1260 divi
568 1193 719 1295 Augusti,
742 1197 895 1261 avunculi
920 1195 983 1262 mei
1007 1197 1119 1282 magni

93 1307 195 1370 nepos
199 1286 313 1369 ‚circa
326 1285 448 1369 primos
462 1285 611 1351 iuventae
626 1306 703 1350 suae
716 1306 818 1350 annos
832 1283 970 1351 Lucium
984 1285 1118 1350 fratrem

94 1374 296 1440 carissimum
319 1373 382 1440 sibi
403 1374 553 1458 princeps
576 1374 753 1440 iuventutis
777 1374 957 1460 principem
976 1374 1118 1440 eiusdem

92 1463 269 1530 iuventutis
293 1462 403 1528 amisit
423 1463 459 1527 in
481 1467 639 1547 apparatu
657 1462 801 1529 Parthini
822 1463 901 1528 belli
919 1466 953 1529 et
971 1462 1119 1550 graviore

94 1553 198 1618 multo
229 1551 329 1617 animi
358 1552 490 1618 uolnere
519 1573 617 1636 quam
644 1556 758 1636 postea
785 1551 930 1636 corporis
953 1550 1038 1618 ictus
1061 1551 1165 1637 est3'15

77 1641 181 1725 .quod
209 1644 384 1725 utrumque
413 1645 446 1706 et
474 1640 619 1727 piissime
648 1640 733 1705 idem
764 1644 796 1706 et
825 1640 1001 1707 fortissime
1029 1641 1119 1707 tulit.

57 1731 144 1797 o‘i'i.
168 1728 284 1795 Caesar
306 1732 441 1814 patruus
464 1751 554 1795 meus
577 1729 721 1795 Drusum
744 1727 970 1796 Germanicum
993 1732 1120 1815 patrem

93 1842 215 1903 meum,
242 1818 400 1884 minorem
422 1822 503 1884 notu
526 1840 623 1904 quam
645 1819 716 1904 ipse
738 1822 808 1885 erat
830 1819 976 1903 matrem,
1003 1819 1120 1884 intima

95 1906 284 1975 Germaniae
305 1908 524 1974 recludentem
548 1911 581 1974 et
604 1910 715 1993 gentes
734 1908 951 1974 ferocissimas
970 1906 1118 1973 Romano

94 1997 306 2064 subicientem
338 1997 474 2083 imperio
506 1995 542 2062 in
574 1996 745 2082 complexu
777 2001 811 2064 et
841 1998 877 2062 in
904 1996 1024 2063 osculis
1052 1997 1119 2062 suis
1137 2014 1166 2056 ro

94 2085 215 2152 amisit:
247 2085 380 2152 modum
411 2090 521 2152 tamen
551 2086 685 2173 lugendi
715 2107 782 2152 non
815 2086 878 2154 sibi
909 2089 1036 2151 tantum
1064 2085 1120 2151 sed

94 2175 191 2243 etiam
221 2176 293 2243 aliis
320 2175 399 2242 fecit
427 2197 465 2242 ac
488 2178 595 2241 totum
617 2176 794 2242 exercitum
816 2198 884 2242 nou
906 2177 1012 2242 solum
1036 2197 1120 2241 mae-

95 2269 182 2332 stum
227 2265 283 2331 sed
327 2265 424 2331 etiam
465 2266 640 2332 attonitum
682 2263 799 2350 corpus
836 2265 936 2331 Drusi
972 2264 1022 2331 sui
1056 2265 1120 2330 sibi

95 2354 312 2421 vindicantem
366 2355 407 2421 ad
461 2377 584 2421 morem
638 2353 779 2421 Romani
831 2356 940 2422 luctus
994 2354 1121 2441 redegit

95 2443 313 2530 iudicavitque
375 2466 444 2510 non
506 2443 668 2510 militandi
725 2446 854 2509 tantum
915 2443 1120 2527 disciplinam
1137 2459 1165 2503 aa

95 2555 165 2600 esse
200 2532 390 2599 seruandam
433 2534 488 2600 sed
527 2534 625 2599 etiam
664 2532 802 2599 dolendi.
856 2554 924 2598 non
960 2533 1120 2618 potuisset

95 2621 151 2687 ille
192 2621 342 2688 lacrimas
383 2623 504 2689 alienas
546 2643 762 2708 compescere,
801 2621 864 2689 nisi
901 2621 991 2706 prius
1032 2643 1119 2706 pres-

96 2711 190 2779 sisset
212 2732 293 2778 suas.

184 2958 337 3013 tvexatus
356 2961 411 3015 est:
435 2961 537 3014 sororis
557 3001 562 3013 ,
584 3002 590 3015 .
611 3001 617 3015 .
636 2959 774 3029 perdidit,
798 2959 881 3016 Gertz
898 2966 996 3015 contra
1013 2959 1122 3085 0οάάῦ

96 3029 162 3085 (tet
179 3032 297 3099 nepotes
315 3031 344 3085 Β
368 3047 402 3085 ac
420 3033 537 3100 nepotes
556 3031 580 3087 0
602 3029 612 3103 tt
636 3029 654 3086 8
676 3032 773 3086 temen
790 3031 836 3086 tot
853 3032 881 3086 Β
904 3047 979 3085 nunc
996 3032 1040 3085 tot
1058 3031 1089 3086 D

97 3117 132 3156 no
149 3103 194 3156 tot
208 3103 243 3157 H
264 3103 267 3175 t
296 3102 513 3172 capacissimum
533 3102 639 3172 Gruter·
657 3101 872 3172 pacatissimum
886 3103 947 3158 ΒΕ
967 3102 1120 3172 paoaoissi·

53 3214 63 3220 η
96 3190 174 3227 mum
188 3174 255 3229 ΒΗ
275 3173 286 3247 ΙΙ
309 3173 345 3229 11
368 3175 466 3244 magni
484 3190 572 3244 nepos
586 3175 759 3245 Modcipac
777 3190 864 3244 nepos
879 3175 944 3230 ΒΗ
947 3174 973 3229 G
993 3174 1119 3243 adnepos

96 3245 161 3300 DV
176 3244 301 3314 abnepos
314 3246 346 3300 E
348 3266 359 3313 ;
376 3247 409 3301 in
426 3263 512 3315 maro.
527 3246 555 3300 Β
570 3245 634 3302 add.
649 3245 737 3313 filius,
755 3251 788 3300 ot
800 3246 869 3316 nolo.
884 3246 1026 3302 edebatur:
1044 3245 1120 3300 filius
1162 3277 1164 3279 >

98 3332 133 3371 ao
148 3332 236 3386 nepos
253 3317 264 3389 Η
281 3315 318 3372 14
330 3317 461 3386 grauiore
476 3317 500 3373 O
516 3317 676 3387 grauiorem
689 3318 720 3373 D
739 3317 872 3387 grauiora
888 3318 915 3373 V
927 3316 938 3389 Η
955 3317 991 3372 15
1004 3315 1120 3372 uolnere

97 3388 126 3442 Β
144 3387 261 3443 uolnera
276 3389 303 3443 V
316 3391 399 3442 nome
410 3389 445 3443 H
459 3388 555 3443 dolore
564 3389 628 3443 DE
638 3388 648 3459 Η
661 3389 695 3442 17
710 3388 754 3443 Ti.
769 3389 833 3443 odd.
844 3389 961 3457 Impetus
973 3387 983 3461 tt
996 3387 1033 3443 25
1046 3387 1121 3442 iudi·

94 3458 231 3526 cauitque
247 3475 305 3514 non
319 3459 379 3514 BD
397 3459 593 3528 iudicauitque
607 3460 638 3514 E
654 3459 796 3514 iudicauit
812 3461 841 3515 te
860 3476 917 3533 non
934 3459 961 3515 G
979 3459 1122 3515 iudicauit

75 3542 112 3576 ‚n
133 3528 281 3602 (—-en1'rn)
297 3548 358 3587 non
372 3532 414 3588 Ji
425 3532 502 3607 quod
522 3531 605 3591 Gertz
623 3533 724 3604 recepit
