2438 3846
117 105 184 172 320
312 103 342 160 a.
357 102 500 160 lunum
518 102 684 159 sennem
701 102 796 160 uua.
811 103 879 158 ans.
893 103 939 159 xr.

117 251 294 334 explicant,
315 272 494 335 numquam
516 249 566 315 illi
587 248 669 315 licet·
686 250 860 316 subsistere
882 271 942 315 nec
965 249 1140 334 quiequam

81 357 97 408 3
117 359 212 404 suum
234 338 348 405 facere.
394 340 435 405 ad
458 339 618 424 quendam
640 339 750 424 itaque
773 340 906 405 modum
928 338 990 402 tibi
1009 359 1140 423 quoque

116 428 228 493 eadem
250 430 424 495 necessitas
442 427 637 515 iniungitur:
658 449 726 494 non
748 428 826 493 licet
843 428 904 493 tibi
922 427 963 492 ad
981 428 1140 494 utilitates

116 519 204 601 tuas,
226 517 266 582 ad
290 517 397 583 studia
414 522 472 584 tua
488 519 655 603 respicere.
701 515 835 582 Caesare
853 518 963 583 orbem
981 521 1141 583 terrarum

115 606 302 690 possidente
331 607 496 693 impertire
524 611 557 672 te
586 628 647 673 nec
675 606 838 691 voluptati
864 628 925 673 nec
948 607 1053 671 dolori
1080 628 1141 673 nec
1173 621 1185 663 ⁶

81 695 176 763 tulli
199 696 255 760 alii
277 695 325 762 rei
347 700 454 780 potes:
475 699 582 761 totum
605 700 638 761 te
657 694 785 761 Caesari
802 694 908 761 debes.
944 696 1035 762 adice
1053 716 1142 762 nuuc

117 783 218 868 qnod,
246 806 320 850 oum
343 805 470 869 semper
492 785 657 870 praedices
680 784 835 850 cariorem
858 784 919 848 tibi
942 785 1059 869 spiritu
1081 787 1140 850 tuo

118 871 285 939 Caesarem
313 894 395 958 esse,
422 874 472 939 fas
499 875 560 940 tibi
582 896 649 939 non
672 877 721 939 est
744 874 834 939 salvo
858 871 991 939 Caesare
1014 873 1053 938 de
1076 873 1141 938 for-

116 965 195 1027 tuna
227 963 332 1047 queri:
368 963 431 1029 hoo
462 963 618 1029 incolumi
650 962 732 1028 salvi
763 962 825 1027 tibi
857 966 932 1027 suut
963 963 1027 1047 tui,
1057 963 1142 1028 nihil

116 1051 298 1137 perdidisti,
333 1075 402 1118 non
437 1057 565 1118 tantum
597 1051 699 1118 siccos
732 1051 844 1117 oculos
876 1055 950 1117 tuos
983 1073 1052 1117 esse
1085 1051 1142 1117 sed
1160 1069 1186 1109 ιο

117 1140 213 1206 etiam
235 1142 339 1207 laetos
363 1145 505 1227 oportet3
533 1142 567 1205 in
589 1140 653 1206 hoc
675 1140 736 1206 tibi
759 1140 868 1205 omnia
890 1144 980 1225 sunt,
1002 1141 1057 1206 hic
1080 1162 1140 1226 pro

116 1231 267 1295 omnibus
290 1235 347 1296 est.
385 1230 472 1314 quod
493 1231 591 1316 longe
614 1252 634 1294 a
651 1229 797 1295 sensibus
814 1229 880 1294 tuis
898 1229 1141 1315 pudentissimis

116 1318 333 1404 piissimisque
365 1319 469 1402 abest,
500 1319 652 1384 adversm
684 1316 872 1384 felicitatem
904 1322 994 1384 tuam
1025 1340 1141 1404 parum

117 1412 227 1494 gratus
256 1430 304 1493 es,
331 1408 360 1474 si
385 1408 447 1473 tibi
475 1407 647 1492 quicquam
670 1407 733 1474 hoc
756 1407 845 1474 salvo
869 1407 946 1473 fiere
969 1408 1139 1494 permittis.

81 1531 96 1580 1
205 1513 293 1581 vm.
330 1515 519 1581 Monstrabo
550 1514 734 1581 etiamnunc
763 1535 830 1579 non
858 1513 987 1599 quidem
1015 1515 1140 1581 firmius
1161 1531 1186 1573 1⁶

116 1604 293 1669 remedium
321 1604 377 1670 sed
399 1603 598 1670 familiarius.
643 1603 672 1668 si
695 1603 823 1686 quando
846 1607 878 1668 te
902 1604 1035 1669 domum
1057 1627 1142 1670 rece·

116 1693 217 1776 peris,
238 1696 317 1758 tunc
340 1692 400 1758 erit
422 1693 484 1758 tibi
506 1692 677 1758 metuenda
698 1691 844 1784 tristitia:
866 1714 943 1757 nam
966 1714 1063 1778 quam
1086 1693 1142 1758 diu

13 1778 16 1784 ’
115 1803 236 1847 numen
258 1787 352 1847 tuum
374 1783 565 1864 intueberis,
586 1782 714 1846 nullum
737 1780 856 1846 illaad
879 1786 912 1846 te
930 1781 1073 1847 inveniet
1091 1805 1141 1849 ac·

117 1891 256 1954 cessum,
283 1870 392 1936 omniu
418 1872 454 1936 iu
480 1874 512 1935 te
536 1868 651 1936 Caesar
673 1870 808 1954 tenebit3
836 1891 910 1935 cnm
934 1871 973 1935 ab
996 1871 1055 1936 flio
1079 1871 1141 1937 dis·

116 1961 264 2043 cesseris,
295 1963 374 2026 tunc
403 1962 494 2026 velut
526 1960 695 2025 occasione
727 1959 802 2024 data
831 1959 1037 2025 insidiabitur
1066 1961 1141 2026 soli·
1160 1979 1187 2020 ro

116 2048 222 2112 tudini
248 2051 323 2114 tuae
351 2049 444 2114 dolor
471 2052 504 2113 et
529 2047 743 2132 requiescenti
770 2047 877 2113 animo
901 2052 958 2113 tuo
982 2050 1140 2133 paulatim

81 2137 249 2222 ainrepet.
296 2138 404 2223 itaque
435 2158 503 2203 non
534 2140 584 2202 est
615 2136 702 2222 quod
733 2137 838 2202 ullum
869 2141 998 2222 tempus
1028 2159 1141 2209 vacare

117 2226 249 2309 patiaris
278 2248 297 2290 a
325 2225 453 2291 studiis:
481 2230 560 2292 tunc
587 2224 647 2290 tibi
674 2225 799 2291 litterae
827 2230 902 2292 tuae
929 2229 997 2290 tam
1025 2227 1080 2292 diu
1104 2248 1141 2292 ac

117 2318 184 2379 tam
216 2314 355 2380 fideliter
386 2318 510 2380 amatae
543 2314 680 2401 gratiam
710 2314 863 2398 referant,
895 2318 974 2380 tunc
1003 2319 1035 2381 te
1065 2314 1141 2381 illae

118 2403 296 2468 antistitem
320 2406 352 2469 et
374 2405 533 2470 cultorem
556 2425 651 2469 suum
673 2404 851 2488 vindicent,
877 2407 957 2470 tunc
979 2402 1140 2470 Homerus
1160 2424 1187 2466 rr

118 2495 150 2556 et
185 2491 350 2578 Vergilius
390 2496 459 2559 tam
498 2492 580 2558 bene
617 2493 656 2559 de
694 2492 835 2559 humano
874 2514 989 2579 genere
1025 2494 1142 2578 meriti,

206 2686 223 2739 1
243 2685 311 2740 licet
330 2684 482 2741 subsistere
497 2687 564 2741 DE
580 2685 649 2741 licet
662 2688 691 2741 et
705 2683 858 2741 subsistere
871 2687 900 2741 Β
918 2685 987 2740 licet
1004 2701 1057 2741 nee
1076 2685 1141 2740 snb·

117 2755 216 2811 sistere
232 2757 261 2811 Β
279 2775 314 2811 m.
332 2760 352 2813 2
369 2762 394 2812 ct
411 2759 480 2828 culp.
506 2757 516 2830 Η
541 2756 559 2811 2
577 2773 659 2811 suum
677 2759 745 2827 oolp.
765 2762 791 2812 et
808 2758 837 2812 Β
862 2758 920 2826 (aad
939 2774 972 2812 ea
991 2772 1042 2811 sua
1060 2759 1141 2827 corr.)

117 2843 169 2882 sua
183 2828 219 2882 H
233 2828 277 2882 sui
291 2828 322 2882 D
340 2845 390 2883 suo
405 2828 436 2883 Β
453 2828 464 2901 ΙΙ
488 2827 611 2884 tdebas
626 2829 654 2884 V
666 2834 691 2884 et
708 2828 777 2897 culp.
797 2827 902 2883 debeas
916 2829 944 2883 Β
968 2827 1073 2884 debeas
1092 2828 1142 2901 Oll

117 2899 132 2954 l
157 2899 297 2954 lectionem
320 2901 390 2970 vulp.
416 2901 520 2955 retium
547 2916 561 2955 e
588 2900 666 2956 codd.
687 2899 755 2956 DE
779 2902 911 2968 petitam
940 2901 1008 2969 qaid
1037 2899 1142 2956 Seneca

116 2971 280 3054 arrepserit,
290 2986 408 3040 proruis
430 2973 565 3027 incertum
586 2977 627 3026 ert
649 2971 790 3056 predicar⁸
802 2971 923 3025 cariores
945 2969 1001 3026 tibi
1020 2975 1072 3041 spu
1090 2973 1141 3026 tuo

115 3040 714 3196 buittrtlzditittidtt
728 3041 1044 3196 &diffindi
1058 3041 1141 3196 ξῖζέζ

117 3183 195 3238 dices
221 3199 357 3239 canerem
382 3182 437 3238 tibi
461 3186 563 3253 spmtn
585 3186 635 3237 tuo
659 3182 820 3251 Caesarem,
840 3200 976 3240 canorem
995 3200 1056 3239 esse
1073 3186 1141 3250 tum,

116 3253 161 3309 fas
179 3257 321 3324 temptavit
341 3255 423 3311 Gertz
440 3254 451 3328 ll
468 3255 504 3310 10
522 3256 634 3309 tantum
653 3257 715 3325 (tm)
735 3257 758 3312 0
778 3257 811 3310 ts
829 3257 947 3326 (tamen)
960 3257 989 3312 Β
1013 3256 1017 3328 l
1034 3254 1071 3310 12
1089 3271 1141 3324 pu·
1162 3319 1164 3323 ,

118 3326 291 3382 dentissimis
309 3326 408 3396 Stanpl
426 3326 512 3396 prud·
534 3327 556 3382 0
578 3326 588 3397 ll
613 3325 648 3380 15
666 3324 773 3381 firmius
787 3328 815 3382 Β
834 3327 944 3382 firmum
964 3328 987 3383 0
1016 3327 1020 3400 Ι
1044 3325 1080 3380 22
1098 3326 1141 3381 iu·

117 3400 198 3467 repet
216 3398 244 3452 B
270 3398 310 3466 (et
333 3413 401 3453 corr.
422 3414 455 3452 ex
476 3398 552 3452 itm.
571 3400 599 3465 2)
625 3397 731 3466 inrepit
749 3397 773 3454 C
798 3398 801 3471 l
828 3398 919 3453 ullum
937 3398 966 3453 Β
990 3397 1100 3454 nullum
1119 3397 1143 3453 0

113 3468 188 3522 iilud
207 3469 288 3524 malit
307 3469 389 3524 Gertz
406 3469 416 3540 ll
434 3468 470 3523 28
488 3467 625 3538 Uirgilius
640 3469 710 3524 BH
