2438 3846
128 117 169 183 18
340 112 370 168 L.
385 111 529 167 ANNAEI
547 108 712 166 SENECAE
730 109 826 165 DIAL.
840 109 908 166 LlB.
923 109 945 164 1.

90 277 105 326 1
215 256 271 325 Vl.
295 256 411 335 ‘Quare
434 260 545 322 tamen
566 255 660 322 bonis
683 255 761 321 viris
784 255 908 340 patitur
927 254 1050 339 aliquid
1073 257 1155 323 mali

125 348 203 414 deus
226 346 330 413 fieril'
360 347 416 412 ille
434 369 510 412 vero
534 367 601 411 non
623 344 754 430 patitur.
787 344 896 410 omnia
918 345 1004 410 mala
1026 344 1066 411 ab
1086 345 1153 412 illis

124 437 276 520 removit,
299 437 419 502 scelera
442 440 474 501 et
497 434 621 521 flagitia
643 438 676 499 et
695 433 907 520 cogitationes
930 433 1095 518 improbas
1120 440 1155 501 et

125 526 219 592 arida
242 525 377 591 consilia
399 528 432 590 et
453 523 622 613 libidinem
646 544 774 589 caecam
797 526 830 589 et
853 523 958 589 alieno
981 522 1153 590 imminen-

125 619 191 681 tem
219 614 400 698 avaritiam3
427 613 514 698 ipsos
539 616 650 678 tuetur
672 635 710 678 ac
731 611 887 678 vindicat:
914 610 1062 697 nunquid
1088 612 1155 680 hoc
1184 633 1196 674 s

126 725 255 790 quoque
277 702 394 786 uliquis
409 703 501 768 adeo
526 701 640 788 exigit,
662 705 700 766 ut
718 701 878 767 bonorum
891 700 1034 766 virorum
1054 702 1154 768 etiam

126 793 265 858 sarcinas
296 790 423 858 servet?
466 791 638 857 remittunt
666 790 730 875 ipsi
756 789 841 857 hanc
868 789 928 856 deo
952 811 1077 856 curam:
1099 813 1155 857 ex·

90 886 217 948 eterna
247 884 467 947 contemnunt.
512 878 718 946 Democritus
749 878 877 944 divitias
905 878 1042 965 proiecit
1069 901 1154 946 onus

125 970 197 1035 illas
221 970 325 1035 bonae
347 969 464 1036 mentis
488 968 689 1035 existimans:
712 968 826 1053 quide
867 989 886 1034 o
910 968 1050 1054 miraris,
1073 968 1102 1034 si
1119 969 1154 1035 id

126 1060 204 1125 deus
236 1059 323 1125 bono
346 1059 416 1124 viro
446 1058 589 1124 accidere
621 1058 745 1143 patitur
772 1080 836 1142 quo
885 1057 937 1123 vir
962 1058 1067 1124 bonus
1094 1059 1155 1124 'ali-
1173 1081 1198 1121 ro

127 1148 256 1233 quando
279 1149 351 1213 vult
380 1146 637 1214 sibiaccidere?
681 1146 767 1212 filios
794 1145 950 1212 amittunt
971 1147 1033 1218 viri
1059 1145 1154 1214 boni:

127 1237 253 1323 quidni,
276 1259 350 1303 eum
369 1235 542 1320 aliquando
562 1241 595 1303 et
613 1234 783 1302 occidant?
814 1236 850 1301 in
867 1235 1000 1301 exilium
1019 1236 1154 1302 mittun-

125 1330 193 1391 tur:
216 1327 343 1411 quidni,
365 1347 439 1392 cum
462 1325 635 1411 aliquando
659 1324 722 1411 ipsi
742 1325 881 1410 patriam
899 1347 966 1391 non
983 1325 1155 1410 repetituri

125 1415 332 1501 relinquant?
361 1414 565 1481 occiduntur:
591 1413 713 1499 quidni,
729 1434 803 1479 cum
820 1413 993 1499 aliquando
1012 1414 1076 1500 ipsi
1089 1414 1154 1480 sibi

91 1526 240 1574 amanus
269 1504 425 1570 afferant?
470 1526 568 1589 quare
598 1504 756 1589 quaedam
780 1503 860 1568 dura
881 1503 1071 1589 patiuntur?
1115 1509 1155 1570 ut
1173 1525 1197 1568 rs

126 1594 206 1659 alios
229 1594 299 1678 pati
321 1594 471 1677 doceant3
493 1593 562 1658 nati
585 1596 662 1658 sunt
683 1593 718 1657 in
741 1593 913 1677 exemplet.
945 1597 1025 1678 puta
1042 1594 1156 1678 itaque

126 1682 222 1748 deum
245 1682 364 1748 dicere:
397 1681 499 1766 „quid
521 1680 647 1747 habetis
666 1681 754 1766 quod
774 1681 813 1746 de
831 1703 884 1746 me
903 1681 994 1765 queri
1010 1682 1156 1768 possitis,

126 1793 198 1857 vos,
221 1772 339 1856 quibus
361 1775 450 1837 recta
472 1769 684 1856 placuerunt?
716 1770 787 1836 aliis
810 1769 897 1836 bona
918 1770 1001 1836 falsa
1019 1772 1155 1837 circum·

127 1860 200 1927 dedi
231 1864 264 1926 et
292 1861 416 1926 animos
446 1860 557 1926 inanes
580 1861 670 1924 velut
698 1859 799 1947 longo
826 1859 998 1945 fallacique
1026 1861 1154 1927 somnio

125 1949 203 2016 lusi:
235 1972 314 2015 auro
346 1950 420 2014 illos
453 1953 486 2015 et
515 1951 649 2035 argento
681 1952 715 2014 et
744 1949 840 2014 ebore
872 1948 1040 2034 adornari,
1065 1950 1155 2017 intus
1174 1972 1199 2013 so

91 2037 205 2107 eboni
235 2039 318 2103 nihil
341 2042 399 2103 est.
444 2038 499 2103 isti
522 2058 604 2123 quos
628 2060 687 2122 pro
709 2037 860 2104 felicibus
884 2038 1015 2122 aspicis,
1037 2038 1156 2105 sinon

128 2149 192 2212 qua
215 2130 388 2192 occurrunt
406 2126 462 2192 sed
481 2148 545 2210 que
564 2128 668 2191 latont
689 2126 822 2211 rideris,
844 2126 954 2191 miseri
976 2130 1066 2212 sunt,
1088 2149 1156 2193 sor·

128 2216 209 2301 didi,
240 2219 364 2302 turpes,
396 2216 436 2281 ad
469 2215 714 2281 similitudinem
743 2217 904 2301 parietum
936 2237 1069 2282 suorum
1102 2239 1155 2282 ex-

127 2305 286 2371 trinsecus
310 2304 403 2390 culti;
428 2327 495 2370 non
518 2308 568 2370 est
589 2305 652 2370 ista
675 2304 778 2370 solida
801 2311 833 2370 et
857 2305 981 2371 sincera
1002 2305 1155 2372 felicitas:

129 2400 237 2461 crusta
265 2399 315 2459 est
346 2397 380 2460 et
412 2394 541 2478 quidem
573 2393 688 2459 tenuis.
734 2394 844 2478 itaque
876 2393 954 2459 dum
986 2395 1051 2460 illis
1078 2395 1157 2461 licet
1174 2416 1199 2457 rs

129 2488 214 2549 staro
233 2483 320 2548 etad
339 2483 508 2549 arbitrium
527 2505 622 2549 suurn
642 2482 777 2566 ostendi,
794 2484 901 2548 nitent
918 2488 950 2547 et
968 2483 1156 2569 imponunt3

129 2595 203 2640 oum
238 2572 359 2656 aliquid
392 2572 506 2638 incidit
536 2572 623 2657 quod
652 2571 812 2637 disturbet
841 2592 879 2636 ac
908 2571 1047 2659 detessat,
1076 2576 1156 2640 tunc

129 2666 262 2747 apparet
285 2664 442 2745 quantum
465 2663 549 2726 altae
568 2683 605 2727 ac
618 2683 713 2726 verae
730 2660 894 2726 foeditatis
912 2661 1035 2727 alienus
1050 2662 1156 2748 splen-

93 2769 109 2818 5
129 2751 188 2817 dor
206 2751 417 2816 absconderit
450 2751 542 2816 vobis
557 2750 630 2816 dedi
646 2749 732 2815 bona
746 2753 842 2832 certa,
860 2772 1020 2836 mansura,
1032 2755 1156 2836 quanto

129 2839 232 2927 magis
255 2840 431 2906 versaverit
453 2839 570 2923 aliquis
594 2845 626 2904 et
648 2839 791 2922 undique
810 2839 999 2924 inspexerit,
1021 2841 1157 2907 meliora
1175 2859 1201 2901 so

223 3121 328 3176 Adeas
351 3139 372 3178 a.
387 3138 411 3176 o.
431 3109 496 3176 odd.
515 3119 558 3176 Αι
605 3118 770 3175 tuindicat
788 3121 818 3190 (n
835 3139 856 3176 s.
871 3138 896 3176 o.
915 3121 979 3176 odd.
999 3140 1033 3177 m.
1052 3124 1080 3192 2)
1099 3123 1128 3179 A

128 3192 255 3248 tetiam
278 3194 348 3264 ootp.
368 3192 448 3247 etimi
467 3194 495 3247 A
519 3191 530 3263 ΙΙ
552 3192 568 3246 1
605 3191 755 3260 repetituri
773 3194 801 3248 A
826 3193 861 3261 (ti
879 3209 900 3247 s.
915 3210 938 3247 o.
958 3193 1023 3248 odd.
1038 3212 1073 3248 m.
1094 3196 1121 3264 1)

128 3265 163 3320 17
188 3264 269 3337 queri
290 3265 318 3319 A
344 3263 355 3336 ΙΙ
381 3263 417 3318 20
440 3262 490 3318 illo
514 3265 558 3318 set
581 3262 623 3317 Αι
646 3280 714 3319 corr.
738 3263 781 3319 A⁸
809 3263 813 3335 l
844 3264 1002 3388 adomaupl
1028 3267 1119 3330 (maso

124 3337 280 3406 perforata)
295 3337 323 3391 A
341 3336 351 3408 ll
370 3335 405 3390 21
425 3334 530 3404 aspicis
549 3339 576 3388 et
592 3334 699 3389 uideris
711 3336 739 3390 A
758 3334 886 3404 aspicitis
902 3341 928 3390 et
940 3336 968 3390 vi
989 3335 1069 3390 eritis
1082 3336 1152 3408 vulp.

128 3408 177 3463 sed
194 3407 330 3462 orationis
348 3407 526 3476 aequalitatis
544 3406 648 3461 Seneca
670 3422 728 3461 uon
749 3407 834 3462 nimis
856 3408 980 3462 cariosus
999 3413 1050 3474 eat,
1069 3419 1153 3477 prae-

128 3479 271 3535 sertim-tn
288 3478 338 3534 toe
357 3477 463 3544 letetlo;
480 3478 530 3545 cfr.
541 3493 572 3546 p.
587 3481 700 3546 7,7sq.,·
718 3482 762 3546 11,
770 3481 823 3546 22,-
840 3478 907 3533 diat.
924 3478 969 3534 VI
976 3481 1031 3547 2,1
