2438 3846
117 124 184 190 306
320 119 350 172 L.
366 117 509 172 ANNAEI
526 114 692 172 SENECAE
711 115 807 170 DIAL.
821 115 891 172 LIB.
904 114 938 171 X.

118 265 344 333 sollicitudinis
377 225 505 347 cansae3
536 284 595 349 per
626 262 853 346 occupationes
883 259 950 325 vita
981 261 1144 327 trudetur:

119 357 222 422 otium
243 375 423 439 numquam
446 356 572 440 agetur,
596 373 722 436 semper
745 350 918 436 optabitur.

84 482 98 532 1
208 459 328 527 XVIII.
350 461 497 544 Excerpe
515 460 624 544 itaque
640 463 672 524 te
686 458 798 544 volgo,
817 455 951 522 Pauline
970 457 1144 542 carissime,

119 555 151 618 et
184 553 219 616 in
249 550 507 635 tranquilliorem
538 552 670 634 portum
702 569 769 612 non
800 568 860 631 pro
894 547 1006 611 aetatis
1036 548 1143 632 spatio

119 642 256 706 iactatus
283 640 414 705 tandem
441 637 560 704 recede.
607 636 728 722 cogita,
752 639 832 720 quot
856 636 974 702 fluetus
998 635 1145 720 subieris,
1177 659 1188 699 a

121 734 201 815 quot
230 731 437 814 tempestates
467 727 586 812 partim
616 727 757 811 privatas
789 724 993 810 sustinueris,
1023 726 1144 810 partim

119 818 266 905 publicas
296 819 331 882 in
360 822 393 882 te
423 816 632 899 converteris3
660 817 738 881 satis
762 815 826 879 iam
848 836 907 899 per
927 814 1091 881 laboriosa
1113 818 1145 879 et

120 908 265 993 inquieta
287 906 480 973 documenta
502 905 646 970 exhibita
668 905 771 970 virtus
795 906 857 969 est:
884 904 1043 988 experire,
1067 904 1145 989 quid

120 999 155 1062 in
187 997 253 1062 otio
285 996 391 1062 faciat.
444 995 547 1059 maior
576 1015 649 1079 pars
680 994 808 1077 aetatis,
844 996 929 1059 certe
956 993 1072 1058 melior
1098 994 1145 1059 rei

121 1086 270 1171 publicae
291 1086 365 1150 data
388 1084 444 1150 sit:
467 1082 591 1167 aliquid
608 1085 764 1166 temporis
782 1081 832 1148 tui
850 1104 940 1147 sume
959 1083 1058 1146 etiam
1075 1083 1145 1148 tibi.
1164 1105 1189 1146 ro

84 1194 180 1243 aneo
209 1178 241 1239 te
269 1174 309 1239 ad
337 1195 468 1260 segnem
496 1177 553 1237 ant
577 1173 712 1237 inertem
737 1173 878 1256 quietem
900 1192 997 1254 voco,
1018 1192 1086 1236 non
1109 1175 1147 1236 ut

122 1286 236 1330 somno
260 1267 292 1329 et
315 1264 396 1328 caris
420 1261 533 1326 turbae
556 1261 778 1346 voluptatibus
803 1259 960 1346 quidquid
985 1260 1091 1325 estin
1113 1263 1145 1325 te

121 1353 240 1418 indolis
263 1350 389 1416 vividae
412 1372 552 1436 mergas:
582 1372 649 1415 non
673 1353 721 1416 est
743 1350 831 1415 istud
854 1349 1072 1434 adquiescere3
1099 1349 1146 1414 in-

121 1442 229 1506 venies
259 1441 382 1505 maiora
413 1439 563 1504 omnibus
592 1439 696 1506 adhue
724 1442 852 1505 strenue
874 1439 1020 1505 tractatis
1044 1437 1147 1522 operi·

87 1531 197 1614 abus,
220 1551 302 1614 quae
324 1529 484 1613 repositus
506 1532 538 1593 et
556 1550 687 1594 securus
706 1529 817 1615 agites.
853 1532 892 1593 tu
910 1527 1040 1613 quidem
1060 1527 1146 1593 orbis
1165 1550 1190 1592 n

121 1623 279 1685 terrarum
311 1619 451 1683 rationes
484 1617 688 1684 administras
721 1622 788 1683 tam
821 1618 1018 1683 abstinenter
1049 1639 1147 1703 quam

123 1709 256 1791 alienas,
280 1709 347 1771 tam
371 1707 543 1792 diligenter
566 1729 663 1791 quam
686 1711 772 1791 tuas,
793 1710 861 1772 tam
879 1707 1030 1793 religiose
1050 1727 1148 1790 quam

122 1796 277 1883 publicas.
314 1796 349 1860 in
368 1795 476 1860 officio
496 1818 638 1861 amorem
658 1796 876 1881 consequeris,
897 1797 933 1862 in
951 1817 1016 1880 quo
1036 1795 1147 1862 odium

122 1888 225 1968 vitare
252 1884 384 1951 difficile
414 1888 476 1950 est:
506 1885 562 1950 sed
589 1889 711 1970 tamen,
741 1885 823 1950 mihi
845 1886 952 1969 crede,
974 1885 1075 1950 satius
1099 1887 1148 1950 est

88 1993 104 2041 4
123 1975 208 2040 vitae
227 1996 303 2040 snae
321 1975 479 2038 rationem
498 1996 595 2058 qnam
613 1975 767 2039 frumnti
780 1974 904 2060 publici
916 1994 1019 2039 nosse.
1047 1974 1147 2039 istum
1166 1995 1192 2036 ao

124 2064 224 2128 animi
241 2064 386 2148 vigorem
404 2085 511 2128 rerum
529 2063 743 2129 maximarum
762 2063 1008 2149 capacissimum
1022 2085 1041 2127 a
1054 2062 1148 2128 mini·

125 2152 221 2217 sterio
252 2151 431 2232 honorifico
460 2152 591 2236 quidem
614 2153 671 2218 sed
694 2176 808 2239 parum
832 2153 873 2219 ad
896 2153 1024 2218 beatam
1046 2152 1148 2217 ritem

124 2243 200 2324 apto
224 2261 340 2305 revoca
363 2243 395 2304 et
418 2241 527 2326 cogita
547 2262 616 2307 non
637 2242 671 2307 id
689 2241 792 2328 egisse
809 2245 843 2307 te
861 2242 902 2306 ab
921 2245 1025 2307 aetate
1044 2241 1149 2326 prima

125 2329 214 2393 omni
243 2330 333 2395 cultu
363 2328 544 2394 studiorum
571 2330 766 2414 liberalium,
790 2331 910 2396 uttibi
932 2329 1149 2395 multamilia

124 2417 279 2483 frumenti
296 2419 378 2483 bene
397 2419 685 2485 committerentur:
704 2419 808 2484 maius
827 2419 980 2503 quiddam
1000 2421 1033 2484 et
1050 2418 1148 2484 altius
1167 2439 1195 2481 ao

125 2506 164 2572 de
193 2509 225 2571 te
254 2508 457 2591 promiseras.
501 2530 569 2573 non
596 2508 712 2574 derrmt
739 2512 771 2574 et
798 2508 994 2595 frugalitatis
1018 2510 1148 2574 exactae

122 2595 272 2661 homines
295 2599 327 2661 et
349 2596 527 2663 laboriosae
551 2620 680 2683 operae:
709 2601 800 2663 tauto
828 2599 954 2682 aptiora
981 2597 1148 2683 portandis

126 2685 276 2750 oneribus
293 2685 386 2750 tarda
403 2686 547 2751 iumenta
565 2689 641 2752 sunt
660 2707 757 2770 quam
771 2686 896 2753 nobiles
911 2686 994 2772 equi,
1009 2707 1149 2772 qnorum

125 2795 313 2860 generosam
345 2775 568 2860 pernicitatem
602 2774 673 2860 quis
706 2797 860 2859 umquam
897 2776 989 2862 gravi
1011 2775 1150 2862 porcina

215 2987 231 3040 l
257 2985 317 3058 uite
342 2989 460 3043 ludetur
477 2989 505 3042 A
530 3004 598 3044 corr.
619 2990 715 3045 Haase
737 2987 747 3059 ll
773 2989 788 3042 7
812 2988 882 3043 satis
902 2987 943 3043 A·
963 2989 1062 3043 statim
1080 2987 1123 3044 A¹
1146 2988 1151 3060 Ι

126 3057 144 3112 8
158 3064 223 3128 poet
240 3058 329 3113 virtus
345 3061 504 3129 Wesenberg
522 3061 574 3112 tua
593 3061 731 3116 desidant
752 3058 762 3129 ll
785 3059 803 3113 9
821 3060 908 3114 inote‘o
922 3059 965 3113 Α8
981 3059 992 3132 ll
1015 3059 1050 3115 10
1069 3059 1107 3113 sit

127 3131 170 3184 est
191 3130 310 3200 Madvig
333 3131 344 3204 Η
371 3130 406 3186 16
430 3129 611 3186 administras
633 3134 694 3186 tam
715 3130 757 3186 A³
783 3130 950 3184 administra
973 3131 1059 3186 istam
1080 3130 1123 3185 A¹
1139 3129 1151 3203 ll

127 3200 162 3255 18
185 3199 314 3270 publicas
335 3204 364 3259 A
406 3202 461 3257 nod
485 3208 578 3258 tnetnr
597 3203 716 3274 Madvig
739 3218 833 3256 sacras
852 3202 971 3272 Bentley
992 3200 1149 3273 pupillares

126 3273 188 3328 Joa.
207 3272 312 3328 Metller
339 3273 342 3347 l
373 3273 379 3287 '
405 3290 420 3329 o
441 3273 505 3328 cdd.
527 3274 610 3329 Gertz
633 3290 666 3329 eo
685 3274 782 3329 Haase
800 3281 864 3329 ante
882 3271 975 3328 officio
998 3273 1009 3346 Η
1032 3271 1068 3328 22
1086 3274 1150 3328 uita

128 3345 196 3413 apto
210 3359 241 3398 re
254 3343 297 3400 A⁸
309 3346 341 3399 in
354 3362 411 3401 raa.
425 3344 467 3399 A²
480 3346 619 3413 scriptura
633 3361 750 3416 proruas
764 3347 869 3400 ineerta
884 3351 923 3400 eet
935 3342 995 3470 [gib
1007 3345 1149 3422 pmiseras

128 3417 156 3472 A
233 3433 267 3471 m.
289 3420 306 3472 3
330 3418 361 3472 s'n
383 3433 438 3472 ras.
460 3417 554 3472 naum
574 3424 640 3486 poet
664 3418 693 3472 ta
718 3417 877 3487 incipiente)
900 3415 911 3487 l!
959 3417 974 3471 ⁷
1000 3415 1149 3489 portandis

124 3488 167 3541 M
203 3488 248 3558 cip
267 3487 448 3558 exportandis
464 3489 491 3542 A
991 3516 993 3521 ·
