2438 3846
443 637 829 721 PRAEFATIO.

215 781 309 882 Novi
321 819 447 882 subsidii
460 820 557 880 critici
571 821 610 882 ad
626 820 825 881 emendandos
841 819 875 879 L.
885 819 1002 880 Annaei
1017 819 1146 880 Senecae

127 911 179 989 qui
197 911 337 970 feruntur
354 909 491 988 dialogos
510 910 586 968 nihil
606 909 711 969 affero:
728 930 824 988 neque
843 911 924 970 enim
940 912 1012 970 novi
1030 910 1146 970 codices

125 1002 158 1060 in
180 1001 277 1060 lucem
298 1018 395 1077 nuper
417 1001 565 1076 protracti
588 1001 672 1076 sunt,
695 1019 770 1078 quos
794 1000 926 1060 conferre
949 1019 1056 1077 operae
1079 1020 1145 1078 pre·

126 1091 202 1151 tium
225 1092 311 1164 esset,
334 1107 389 1149 nee
412 1088 521 1150 codicis
540 1089 741 1165 Ambrosiam,
765 1110 853 1167 quem
871 1090 1038 1168 principem
1056 1090 1145 1149 facile

124 1180 157 1238 in
185 1179 232 1238 his
262 1178 346 1238 libris
377 1179 478 1238 locum
507 1180 538 1238 et
567 1181 667 1238 aetate
697 1181 728 1239 et
756 1178 890 1238 bonitate
921 1179 1055 1238 obtinere
1087 1179 1146 1238 viri

124 1268 206 1328 docti
229 1268 432 1343 consentiunt,
455 1287 535 1327 nova
558 1268 679 1328 collatio
702 1270 870 1328 necessaria
893 1286 956 1328 esse
978 1267 1145 1329 videbatur.

124 1360 210 1418 cuius
238 1357 350 1418 codicis
384 1376 453 1416 cum
479 1359 549 1433 post
579 1356 753 1417 liebertum
779 1356 856 1417 duae
886 1357 1024 1435 deinceps
1055 1358 1146 1417 colla·

120 1449 221 1508 tiones
240 1447 410 1525 prodissent
427 1445 556 1506 invicem
570 1466 601 1506 se
616 1447 788 1523 supplentes
803 1449 895 1524 etque
909 1446 1146 1525 comprobantes,

125 1556 252 1613 quarum
276 1537 403 1596 alteram
426 1537 518 1611 certe,
542 1535 733 1596 Gertzianam
756 1535 836 1611 dico,
863 1539 950 1596 tanta
978 1555 1045 1596 cum
1073 1556 1145 1597 cura

124 1645 159 1687 ac
189 1625 349 1705 diligentie
381 1626 548 1685 confectam
580 1645 644 1686 csse
674 1628 814 1703 apparet,
846 1628 881 1685 ut
909 1626 996 1685 nulla
1022 1626 1085 1685 fere
1108 1627 1144 1685 de

123 1715 302 1775 lectionibus
330 1715 394 1775 eius
421 1714 572 1774 dubitatio
600 1716 737 1790 exsistat,
765 1715 958 1791 supersedere
985 1716 1060 1775 mihi
1082 1717 1145 1774 iem

122 1823 210 1881 posse
241 1802 366 1864 videbar
397 1804 494 1864 denuo
525 1824 594 1863 eum
626 1807 776 1880 excutere,
811 1803 844 1863 id
876 1805 958 1881 quod
988 1824 1048 1864 non
1081 1804 1145 1865 sine

122 1894 242 1972 magnis
264 1892 494 1953 difficultatibus
518 1893 583 1952 fieri
605 1912 692 1970 posse
718 1892 938 1971 intellegebam.
983 1895 1086 1970 itaque
1114 1898 1145 1953 et

123 2001 173 2044 ees
196 1983 352 2057 lectiones,
376 2001 449 2059 ques
471 1983 504 2040 in
522 1986 671 2060 apparatu
690 1983 794 2043 critico
812 1981 917 2058 attuli,
941 1985 972 2042 et
994 2003 1043 2058 ea,
1067 2002 1144 2059 quae

123 2070 159 2132 de
186 2072 253 2150 ipso
282 2070 382 2131 codice
410 2064 534 2149 eiusque
562 2072 777 2132 correctoribus
804 2073 853 2132 hic
882 2072 944 2131 iam
967 2070 1144 2150 proferenda

122 2164 206 2237 sunt,
234 2180 249 2221 e
272 2163 486 2222 commentario
510 2180 579 2220 cum
606 2161 715 2221 Kochii
737 2164 803 2221 tum
828 2159 940 2222 Gertzii
967 2162 1144 2238 deprompta

122 2269 186 2311 esse
208 2268 295 2310 seras.

213 2337 312 2399 Godex
330 2337 546 2399 Ambrosianus
566 2331 634 2419 (A),
658 2340 710 2416 qui
728 2338 892 2399 Mediolani
910 2339 942 2399 in
962 2339 1144 2399 bibliotheca
1164 2344 1190 2397 A

122 2426 322 2488 Ambrosiana
336 2429 447 2488 litteris
463 2427 485 2487 0
499 2433 535 2486 n⁰
551 2430 593 2487 90
607 2430 685 2506 pert.
694 2428 748 2487 inf.
758 2428 919 2507 insignitus
934 2428 1021 2488 hodie
1036 2432 1144 2504 exstat,

121 2516 366 2577 membranaceus
386 2521 432 2578 est
449 2517 517 2576 folii
534 2516 671 2593 minoris,
692 2518 733 2576 88
752 2517 827 2577 folia
845 2519 1014 2594 continens,
1035 2518 1143 2595 quibus

121 2605 182 2666 duo
206 2625 267 2666 non
290 2607 329 2667 ad
351 2609 453 2684 ipsum
475 2606 608 2666 codicem
630 2606 811 2683 pertinentia
834 2607 966 2685 praefixa
987 2611 1067 2668 sunt
1110 2608 1143 2667 in

121 2694 169 2756 his
192 2696 309 2756 duobus
332 2695 414 2755 foliis
437 2695 581 2774 leguntur
604 2697 752 2772 quaedam
778 2698 953 2756 recentioris
982 2698 1143 2757 memoriae

122 2803 142 2843 a
163 2783 400 2845 bibliothecariis
423 2784 548 2862 scripta,
576 2803 592 2843 e
616 2784 725 2861 quibus
749 2786 889 2864 colligere
916 2786 987 2846 licet
1011 2785 1143 2846 codicem

121 2873 195 2932 olim
216 2873 249 2932 in
271 2873 453 2934 bibliotheca
475 2873 652 2943 monasterii
670 2874 936 2935 Montecasinensis
957 2877 1141 2934 asservatum

122 2981 201 3021 anno
227 2962 322 3038 1583,
349 2963 449 3022 nescio
476 2982 537 3039 quo
565 2981 650 3038 casu,
672 2964 704 3022 in
728 2958 865 3023 ‘Antonii
890 2963 1042 3023 lhancisci
1064 2965 1142 3024 Nea·

120 3051 236 3128 politae
264 3050 428 3112 Caraccioli
457 3050 551 3111 Siculi
578 3054 609 3111 et
631 3047 806 3112 amicorum'
828 3053 1014 3131 possessione
1041 3053 1142 3129 fuisse,

121 3158 201 3200 anno
225 3138 331 3200 deinde
355 3141 441 3200 1603
466 3140 600 3200 Federici
622 3141 798 3202 Borromaei
816 3141 985 3202 cardinalis
1003 3142 1090 3202 iussu
1109 3142 1142 3202 in

120 3228 333 3290 bibliothecam
356 3228 587 3289 Ambrosianum
609 3230 730 3291 illatum
752 3249 825 3292 esse.
861 3231 894 3290 in
911 3231 1008 3307 ipsius
1031 3231 1141 3292 codicis

121 3317 190 3378 folii
211 3318 302 3396 primi
324 3317 437 3397 pagina
460 3317 589 3378 secunde
611 3318 781 3380 uncialibus
804 3319 913 3380 litteris
934 3320 1027 3379 minio
1045 3319 1141 3379 nitide

121 3407 252 3468 exaratis
275 3408 364 3467 index
386 3410 489 3467 eorum
511 3407 660 3468 librorum
680 3408 834 3486 Senecae,
857 3426 940 3484 auos
965 3405 1069 3464 eoban
1095 3417 1164 3454 em
