2438 3846
376 199 859 260 namnam.11.cl1>.11.1s
1084 205 1127 271 83

108 348 236 435 sapiens
259 348 380 428 timeri,
402 369 462 414 nec
484 347 557 412 ideo
580 345 661 413 iram
680 368 834 434 magnum
854 346 1007 431 quiddam
1025 351 1129 433 putet,

109 439 186 523 quia
215 437 382 505 formidini
413 441 476 522 est,
508 436 661 521 quoniam
689 436 819 523 quidem
842 437 940 503 etiam
963 441 1128 524 contemp-

108 527 234 595 tissima
264 527 421 593 timentur
451 530 490 592 ut
520 548 644 593 venena
674 525 698 610 †
729 530 763 593 et
796 546 870 592 ossa
906 526 1060 612 pestifera
1095 530 1128 594 et

108 639 243 684 morsus.
279 639 339 683 nec
362 616 481 682 mirum
504 619 567 700 est,
584 638 658 682 cum
677 615 835 682 maximos
853 615 994 682 ferarum
1013 637 1127 704 greges
1147 633 1163 684 o

77 707 194 773 elinea
215 706 323 792 pinnis
347 705 499 772 distincta
521 705 686 771 contineat
700 708 741 771 ‘et
762 705 798 770 in
819 704 951 771 insidias
975 709 1064 793 agat,
1086 705 1127 771 ab

108 797 180 882 ipso
212 796 329 862 effectu
361 794 447 861 dicta
476 794 630 860 formido:
666 794 757 860 vanis
787 795 873 860 enim
902 817 987 861 vana
1013 794 1129 862 terrori

109 889 193 952 sunt.
231 885 383 951 cumiculi
403 887 512 950 motus
530 887 739 968 rotarumque
757 888 884 950 versata
901 883 1000 951 facies
1018 886 1128 951 leones

11 967 14 978 '
107 974 233 1061 redegit
254 974 290 1039 in
312 995 456 1058 caveam,
479 973 668 1058 elephantos
690 972 825 1059 porcina
845 996 911 1039 vox
932 977 1040 1040 terret.
1082 973 1164 1042 sict

108 1065 218 1150 itaque
240 1064 289 1129 ira
311 1063 480 1148 metuitur,
507 1063 670 1149 quomodo
693 1062 808 1129 umbra
830 1062 871 1129 ab
894 1063 1088 1148 infantibus,
1109 1086 1129 1129 a

64 1153 185 1220 reseris
214 1154 333 1219 rubens
362 1153 471 1238 pinna.
516 1175 583 1218 non
612 1152 682 1237 ipsa
711 1151 746 1217 in
772 1173 807 1219 se
835 1151 1008 1238 quicquam
1030 1153 1129 1219 habet

108 1243 239 1308 firmum
262 1246 319 1308 aut
340 1241 438 1325 forte,
460 1242 516 1307 sed
538 1243 625 1307 leves
649 1242 773 1307 animos
796 1245 914 1308 movet.

197 1330 268 1397 XII.
302 1330 488 1415 ‘Nequitia'
511 1331 619 1416 inquit
642 1329 698 1396 ‘de
719 1352 827 1397 rerum
848 1335 965 1398 natura
984 1331 1129 1397 tollenda
1148 1348 1163 1398 1

109 1424 172 1505 est,
194 1423 223 1486 si
245 1421 324 1487 velis
347 1421 429 1485 iram
451 1421 580 1505 tollere;
601 1423 753 1486 neutmm
776 1423 884 1486 autem
906 1424 1016 1506 potest
1038 1420 1129 1487 fieri.'

108 1510 250 1596 primum
272 1513 381 1596 potest
403 1509 520 1594 aliquis
542 1531 610 1575 non
632 1509 753 1596 algere,
776 1509 922 1594 quamvis
945 1509 1001 1596 [ex
1020 1532 1128 1577 rerum

63 1599 238 1685 renatum]
267 1599 394 1684 hiemps
422 1599 479 1683 sit,
506 1602 539 1664 et
560 1621 628 1664 non
649 1602 809 1683 aestuare,
832 1601 979 1684 quamvis
1002 1621 1128 1667 memes

108 1688 222 1758 aestivi
252 1690 330 1755 sint:
366 1692 424 1754 aut
451 1688 517 1754 loci
546 1687 702 1754 beneficio
730 1689 882 1756 adversus
904 1689 1128 1776 intemperiem

108 1778 186 1844 anni
207 1782 298 1845 tutus
322 1781 371 1845 est
394 1782 451 1844 aut
473 1777 630 1863 patientia
648 1777 792 1864 corporis
811 1799 943 1845 sensum
960 1781 1129 1864 utriusque

108 1867 252 1953 pervicit.
288 1867 402 1934 deinde
420 1871 510 1934 verte
527 1868 629 1934 istud.
650 1889 781 1934 necesse
799 1871 849 1934 est
866 1867 957 1953 prius
975 1870 1166 1936 virtutema

110 1980 150 2023 ex
179 1958 287 2024 animo
316 1958 414 2024 tollas
443 1979 540 2043 quam
570 1957 769 2024 iracundiam
798 1957 948 2045 recipias,
976 1958 1129 2044 quoniam

64 2068 91 2108 ιο
109 2068 184 2113 cum
206 2047 381 2114 virtutibus
405 2047 484 2113 vitia
505 2069 572 2113 non
595 2050 726 2132 coeunt,
747 2069 808 2114 nec
831 2047 934 2135 magis
958 2048 1129 2134 quisquam

109 2136 222 2202 eodem
240 2139 388 2221 tempore
405 2139 438 2202 et
455 2136 556 2202 iratus
575 2141 683 2222 potest
701 2158 770 2204 esse
789 2141 823 2204 et
840 2137 890 2202 vir
908 2137 1012 2204 bonus
1032 2159 1129 2221 quam

109 2229 260 2381 pegetzueit
282 2247 394 2380 mii
431 2224 514 2379 ppn
535 2226 660 2328 potest'
661 2225 934 2383 tunppnittitolplppis
955 2249 999 2382 px
1018 2243 1164 2382 affin

109 2337 157 2380 na
255 2337 348 2400 ‚nec
394 2335 433 2381 oc
479 2336 661 2382 cmmrsna
755 2339 799 2402 pa
881 2339 1028 2403 .aqu1

109 2408 159 2471 est
187 2408 255 2471 tam
285 2404 417 2471 difficile
447 2408 480 2470 et
506 2404 643 2471 arduum
671 2405 758 2490 quod
783 2427 852 2472 non
873 2406 1016 2472 hnmana
1039 2427 1129 2472 mens

64 2494 218 2560 revincat
241 2497 274 2560 et
295 2495 330 2560 in
352 2493 606 2560 familiaritatem
628 2493 783 2579 perducat
801 2495 935 2561 adsidua
953 2495 1130 2579 meditatio,

108 2583 255 2668 nullique
284 2587 361 2650 sunt
390 2587 457 2649 tam
485 2582 548 2649 feri
576 2586 609 2649 et
638 2582 690 2649 sui
715 2582 793 2649 imis
822 2583 981 2668 adfectus,
1003 2588 1130 2650 utnon

110 2672 280 2759 disciplina
312 2673 552 2759 perdonentur.
608 2673 833 2758 quodcumque
864 2672 928 2738 sibi
958 2673 1165 2759 imperavits

198 2866 217 2922 8
243 2883 354 2923 uenena
381 2868 411 2922 et
438 2882 502 2921 ossa
528 2864 665 2935 pestifera
687 2865 843 2936 (mortifera
861 2868 898 2938 L)
923 2869 952 2922 et
974 2883 1082 2923 morsus
1101 2869 1129 2923 A

109 2940 236 3008 (orsus'
224 2956 256 2994 m
279 2955 334 3023 rae:
356 2938 408 3007 A)
435 2941 574 2994 venenato
598 2936 707 2994 bestiae
732 2937 884 3008 pestiferae
909 2955 1004 2994 morsu
1029 2941 1131 3009 Haupt

108 3012 246 3065 venenato
273 3010 349 3080 aspis
373 3009 504 3079 viperave
526 3027 622 3064 morsu
642 3010 725 3066 Gertz
749 3012 886 3066 venenato
909 3026 1024 3080 serpens
1042 3011 1130 3080 pesti-

108 3079 170 3136 fera
192 3097 287 3136 morsu
308 3083 404 3136 malim
427 3082 535 3152 (εἴπερ
537 3083 639 3151 42,,4)
628 3081 677 3154 )))
702 3080 720 3136 5
742 3081 813 3136 linia
835 3099 904 3138 corr.
923 3086 956 3138 in
977 3082 1054 3137 linea
1074 3083 1102 3137 A
1123 3085 1126 3155 )

129 3152 204 3207 innis
218 3170 285 3209 corr.
300 3155 332 3208 ic
349 3153 450 3240 pennis
464 3153 491 3208 A
502 3099 535 3225 ii)
537 3152 555 3207 6
573 3123 676 3208 edecta
689 3154 717 3209 L
730 3160 755 3209 ct
767 3156 835 3225 ootp.
851 3152 956 3209 affectu
969 3155 998 3209 A
1013 3153 1033 3239 Ι)
1041 3152 1059 3209 8
1073 3153 1130 3211 ele-

108 3171 854 3296 iantcsAtt1raA¹tateierat,eedlimolaeraea
867 3232 907 3282 eat
923 3225 934 3298 l)
951 3225 987 3280 lo
1004 3225 1073 3294 pina
1087 3225 1130 3281 A¹

108 3296 157 3352 sed
174 3298 289 3353 atteram
307 3315 326 3351 n
344 3297 620 3353 ev.cdd.m.1-2
648 3297 687 3368 Ι
678 3314 709 3351 ιιι
726 3313 756 3353 se
770 3296 842 3352 A⁶
829 3315 862 3353 m
878 3313 935 3355 ras.
959 3297 970 3371 ΙΙ
994 3296 1030 3353 14
1047 3297 1131 3354 cesto

110 3384 145 3423 ex
175 3385 268 3423 rerum
299 3370 402 3423 natura
433 3385 495 3424 cam
522 3380 540 3424 s
570 3369 686 3424 deleeda
715 3386 770 3426 cese
795 3369 868 3426 vidit
893 3369 1093 3439 Dctscampiua

110 3438 145 3495 18
162 3440 241 3510 prius
259 3440 437 3495 iracundiam
456 3457 490 3496 ex
508 3443 672 3510 atquem
690 3441 823 3497 virtutem
840 3441 953 3511 scripsit
967 3441 1064 3508 Gertz-
1081 3457 1096 3496 s

109 3512 160 3579 cfr.
178 3513 240 3569 Jot.
255 3512 360 3568 Metller
373 3514 439 3569 Bes.
454 3514 543 3568 Wicn.
557 3513 648 3569 AJcad
665 3513 802 3572 cxvm
816 3515 964 3592 (ΝΜ
969 3507 1146 3622 &mmm

109 3582 152 3638 A⁶
166 3583 179 3656 J)
195 3582 258 3638 13
249 3599 293 3639 na
311 3583 373 3640 tolli
388 3586 417 3643 A
436 3586 507 3660 (to
496 3604 530 3645 ce
547 3587 656 3646 maiore
673 3603 750 3657 roae
767 3585 830 3642 ott.
841 3585 939 3653 tatem
949 3573 1057 3634 m
1051 3571 1120 3631 &N

929 3681 968 3738 v
