<?xml version="1.0" encoding="UTF-8"?>
<!DOCTYPE html PUBLIC "-//W3C//DTD XHTML 1.0 Transitional//EN"
    "http://www.w3.org/TR/xhtml1/DTD/xhtml1-transitional.dtd">
<html xmlns="http://www.w3.org/1999/xhtml" xml:lang="en" lang="en">
 <head>
  <title>
</title>
<meta http-equiv="Content-Type" content="text/html;charset=utf-8" />
  <meta name='ocr-system' content='tesseract 3.04.00' />
  <meta name='ocr-capabilities' content='ocr_page ocr_carea ocr_par ocr_line ocrx_word'/>
</head>
<body>
  <div class='ocr_page' id='page_1' title='image "./lannaeisenecaeo02senegoog_0211.png"; bbox 0 0 2438 3846; ppageno 0'>
   <div class='ocr_carea' id='block_1_1' title="bbox 259 161 1147 231">
    <p class='ocr_par' dir='ltr' id='par_1_1' title="bbox 259 161 1147 231">
     <span class='ocr_line' id='line_1_1' title="bbox 259 161 1147 231; baseline 0.003 -14"><span class='ocrx_word' id='word_1_1' title='bbox 259 163 311 217; x_wconf 85' lang='lat' dir='ltr'><strong><em>AD</em></strong></span> <span class='ocrx_word' id='word_1_2' title='bbox 329 162 502 218; x_wconf 73' lang='lat' dir='ltr'><strong>melin</strong></span> <span class='ocrx_word' id='word_1_3' title='bbox 520 162 570 217; x_wconf 83' lang='lat' dir='ltr'><strong>DE</strong></span> <span class='ocrx_word' id='word_1_4' title='bbox 589 161 869 218; x_wconf 73' lang='lat' dir='ltr'><strong><em>CONSOLATIONE</em></strong></span> <span class='ocrx_word' id='word_1_5' title='bbox 887 161 965 219; x_wconf 81' lang='lat' dir='ltr'><strong>csP.</strong></span> <span class='ocrx_word' id='word_1_6' title='bbox 981 168 1015 218; x_wconf 72' lang='lat'><strong>20</strong></span> <span class='ocrx_word' id='word_1_7' title='bbox 1085 165 1147 231; x_wconf 83' lang='lat'><strong>181</strong></span> 
     </span>
    </p>
   </div>
   <div class='ocr_carea' id='block_1_2' title="bbox 73 306 1184 2808">
    <p class='ocr_par' dir='ltr' id='par_1_2' title="bbox 125 306 1183 660">
     <span class='ocr_line' id='line_1_2' title="bbox 215 306 1183 394; baseline 0.001 -21"><span class='ocrx_word' id='word_1_8' title='bbox 215 307 286 373; x_wconf 79' lang='lat' dir='ltr'><strong>XX</strong></span> <span class='ocrx_word' id='word_1_9' title='bbox 324 306 352 372; x_wconf 95' lang='lat'>0</span> <span class='ocrx_word' id='word_1_10' title='bbox 370 309 500 394; x_wconf 80' lang='lat' dir='ltr'><strong>ignaros</strong></span> <span class='ocrx_word' id='word_1_11' title='bbox 515 310 674 374; x_wconf 88' lang='lat' dir='ltr'><strong>malorum</strong></span> <span class='ocrx_word' id='word_1_12' title='bbox 689 329 832 391; x_wconf 85' lang='lat' dir='ltr'><strong>suorum,</strong></span> <span class='ocrx_word' id='word_1_13' title='bbox 850 309 968 394; x_wconf 90' lang='lat' dir='ltr'><strong>quibus</strong></span> <span class='ocrx_word' id='word_1_14' title='bbox 982 331 1048 374; x_wconf 91' lang='lat' dir='ltr'><strong>nou</strong></span> <span class='ocrx_word' id='word_1_15' title='bbox 1062 329 1149 374; x_wconf 85' lang='lat' dir='ltr'><strong>mors</strong></span> <span class='ocrx_word' id='word_1_16' title='bbox 1169 326 1183 375; x_wconf 89' lang='lat'>1</span> 
     </span>
     <span class='ocr_line' id='line_1_3' title="bbox 125 398 1151 483; baseline 0.002 -21"><span class='ocrx_word' id='word_1_17' title='bbox 125 403 164 462; x_wconf 94' lang='lat' dir='ltr'><strong>ut</strong></span> <span class='ocrx_word' id='word_1_18' title='bbox 187 398 347 482; x_wconf 91' lang='lat' dir='ltr'><strong>optimum</strong></span> <span class='ocrx_word' id='word_1_19' title='bbox 368 398 537 463; x_wconf 80' lang='lat' dir='ltr'><strong>inventum</strong></span> <span class='ocrx_word' id='word_1_20' title='bbox 559 403 694 464; x_wconf 89' lang='lat' dir='ltr'><strong>naturae</strong></span> <span class='ocrx_word' id='word_1_21' title='bbox 716 399 868 464; x_wconf 88' lang='lat' dir='ltr'><strong>laudatur</strong></span> <span class='ocrx_word' id='word_1_22' title='bbox 889 402 1151 483; x_wconf 69' lang='lat' dir='ltr'><strong>expectaturque,</strong></span> 
     </span>
     <span class='ocr_line' id='line_1_4' title="bbox 125 487 1150 573; baseline 0.002 -21"><span class='ocrx_word' id='word_1_23' title='bbox 125 489 194 552; x_wconf 87' lang='lat' dir='ltr'><strong>sive</strong></span> <span class='ocrx_word' id='word_1_24' title='bbox 216 488 406 552; x_wconf 77' lang='lat' dir='ltr'><strong>felicitatem</strong></span> <span class='ocrx_word' id='word_1_25' title='bbox 424 487 575 570; x_wconf 90' lang='lat' dir='ltr'><strong>includit,</strong></span> <span class='ocrx_word' id='word_1_26' title='bbox 597 489 665 553; x_wconf 82' lang='lat' dir='ltr'><strong>sive</strong></span> <span class='ocrx_word' id='word_1_27' title='bbox 683 488 900 554; x_wconf 72' lang='lat' dir='ltr'><strong>calamitatem</strong></span> <span class='ocrx_word' id='word_1_28' title='bbox 918 488 1059 573; x_wconf 75' lang='lat' dir='ltr'><strong>repellit,</strong></span> <span class='ocrx_word' id='word_1_29' title='bbox 1081 488 1150 554; x_wconf 82' lang='lat' dir='ltr'><strong>sive</strong></span> 
     </span>
     <span class='ocr_line' id='line_1_5' title="bbox 125 577 1150 660; baseline 0.002 -19"><span class='ocrx_word' id='word_1_30' title='bbox 125 577 308 642; x_wconf 87' lang='lat' dir='ltr'><strong>satietatem</strong></span> <span class='ocrx_word' id='word_1_31' title='bbox 331 599 369 642; x_wconf 93' lang='lat' dir='ltr'><strong>ac</strong></span> <span class='ocrx_word' id='word_1_32' title='bbox 388 577 612 643; x_wconf 75' lang='lat' dir='ltr'><strong>lassitudinem</strong></span> <span class='ocrx_word' id='word_1_33' title='bbox 630 577 716 642; x_wconf 88' lang='lat' dir='ltr'><strong>senis</strong></span> <span class='ocrx_word' id='word_1_34' title='bbox 734 578 901 660; x_wconf 80' lang='lat' dir='ltr'><strong>terminat,</strong></span> <span class='ocrx_word' id='word_1_35' title='bbox 923 578 991 643; x_wconf 84' lang='lat' dir='ltr'><strong>sive</strong></span> <span class='ocrx_word' id='word_1_36' title='bbox 1009 578 1150 643; x_wconf 82' lang='lat' dir='ltr'><strong>iuvenile</strong></span> 
     </span>
    </p>

    <p class='ocr_par' dir='ltr' id='par_1_3' title="bbox 73 666 1184 2808">
     <span class='ocr_line' id='line_1_6' title="bbox 91 666 1150 752; baseline 0.005 -24"><span class='ocrx_word' id='word_1_37' title='bbox 91 688 239 731; x_wconf 80' lang='lat' dir='ltr'><strong>saevom</strong></span> <span class='ocrx_word' id='word_1_38' title='bbox 269 666 347 730; x_wconf 90' lang='lat' dir='ltr'><strong>dum</strong></span> <span class='ocrx_word' id='word_1_39' title='bbox 377 667 512 731; x_wconf 82' lang='lat' dir='ltr'><strong>meliora</strong></span> <span class='ocrx_word' id='word_1_40' title='bbox 541 671 711 752; x_wconf 81' lang='lat' dir='ltr'><strong>sperantur</strong></span> <span class='ocrx_word' id='word_1_41' title='bbox 740 667 775 732; x_wconf 91' lang='lat' dir='ltr'><strong>iu</strong></span> <span class='ocrx_word' id='word_1_42' title='bbox 802 667 882 733; x_wconf 89' lang='lat' dir='ltr'><strong>flore</strong></span> <span class='ocrx_word' id='word_1_43' title='bbox 910 667 1053 751; x_wconf 79' lang='lat' dir='ltr'><strong>deducit,</strong></span> <span class='ocrx_word' id='word_1_44' title='bbox 1081 667 1150 733; x_wconf 82' lang='lat' dir='ltr'><strong>sive</strong></span> 
     </span>
     <span class='ocr_line' id='line_1_7' title="bbox 123 756 1149 842; baseline 0.001 -22"><span class='ocrx_word' id='word_1_45' title='bbox 123 756 298 839; x_wconf 90' lang='lat' dir='ltr'><strong>pueritiam</strong></span> <span class='ocrx_word' id='word_1_46' title='bbox 320 759 396 820; x_wconf 91' lang='lat' dir='ltr'><strong>ante</strong></span> <span class='ocrx_word' id='word_1_47' title='bbox 419 757 564 821; x_wconf 87' lang='lat' dir='ltr'><strong>duriores</strong></span> <span class='ocrx_word' id='word_1_48' title='bbox 588 756 706 842; x_wconf 83' lang='lat' dir='ltr'><strong>gradus</strong></span> <span class='ocrx_word' id='word_1_49' title='bbox 729 760 873 840; x_wconf 77' lang='lat' dir='ltr'><strong>revocat,</strong></span> <span class='ocrx_word' id='word_1_50' title='bbox 896 757 1046 821; x_wconf 87' lang='lat' dir='ltr'><strong>omnibus</strong></span> <span class='ocrx_word' id='word_1_51' title='bbox 1066 757 1149 840; x_wconf 84' lang='lat' dir='ltr'><strong>finis,</strong></span> 
     </span>
     <span class='ocr_line' id='line_1_8' title="bbox 123 845 1149 928; baseline 0.002 -19"><span class='ocrx_word' id='word_1_52' title='bbox 123 845 237 910; x_wconf 89' lang='lat' dir='ltr'><strong>multis</strong></span> <span class='ocrx_word' id='word_1_53' title='bbox 259 845 451 927; x_wconf 90' lang='lat' dir='ltr'><strong>remedium,</strong></span> <span class='ocrx_word' id='word_1_54' title='bbox 479 845 671 928; x_wconf 88' lang='lat' dir='ltr'><strong>quibusdum</strong></span> <span class='ocrx_word' id='word_1_55' title='bbox 695 850 822 928; x_wconf 78' lang='lat' dir='ltr'><strong>votum,</strong></span> <span class='ocrx_word' id='word_1_56' title='bbox 850 847 889 910; x_wconf 92' lang='lat' dir='ltr'><strong>de</strong></span> <span class='ocrx_word' id='word_1_57' title='bbox 911 846 1009 911; x_wconf 88' lang='lat' dir='ltr'><strong>nullis</strong></span> <span class='ocrx_word' id='word_1_58' title='bbox 1033 845 1149 911; x_wconf 90' lang='lat' dir='ltr'><strong>melius</strong></span> 
     </span>
     <span class='ocr_line' id='line_1_9' title="bbox 123 935 1149 1019; baseline 0.002 -21"><span class='ocrx_word' id='word_1_59' title='bbox 123 935 240 999; x_wconf 81' lang='lat' dir='ltr'><strong>merita</strong></span> <span class='ocrx_word' id='word_1_60' title='bbox 258 956 355 1018; x_wconf 87' lang='lat' dir='ltr'><strong>quam</strong></span> <span class='ocrx_word' id='word_1_61' title='bbox 374 936 413 999; x_wconf 90' lang='lat' dir='ltr'><strong>de</strong></span> <span class='ocrx_word' id='word_1_62' title='bbox 432 936 474 1016; x_wconf 89' lang='lat' dir='ltr'><strong>is,</strong></span> <span class='ocrx_word' id='word_1_63' title='bbox 492 935 533 999; x_wconf 92' lang='lat' dir='ltr'><strong>ad</strong></span> <span class='ocrx_word' id='word_1_64' title='bbox 547 957 628 1019; x_wconf 90' lang='lat' dir='ltr'><strong>quos</strong></span> <span class='ocrx_word' id='word_1_65' title='bbox 642 936 732 1000; x_wconf 87' lang='lat' dir='ltr'><strong>venit</strong></span> <span class='ocrx_word' id='word_1_66' title='bbox 745 940 917 1018; x_wconf 88' lang='lat' dir='ltr'><strong>antequam</strong></span> <span class='ocrx_word' id='word_1_67' title='bbox 932 937 1149 1001; x_wconf 74' lang='lat' dir='ltr'><strong>invocaretur!</strong></span> 
     </span>
     <span class='ocr_line' id='line_1_10' title="bbox 122 1024 1184 1109; baseline 0.002 -21"><span class='ocrx_word' id='word_1_68' title='bbox 122 1024 204 1089; x_wconf 81' lang='lat' dir='ltr'><strong>haec</strong></span> <span class='ocrx_word' id='word_1_69' title='bbox 217 1025 406 1088; x_wconf 85' lang='lat' dir='ltr'><strong>servitutem</strong></span> <span class='ocrx_word' id='word_1_70' title='bbox 419 1025 523 1089; x_wconf 86' lang='lat' dir='ltr'><strong>invito</strong></span> <span class='ocrx_word' id='word_1_71' title='bbox 538 1025 669 1090; x_wconf 91' lang='lat' dir='ltr'><strong>domino</strong></span> <span class='ocrx_word' id='word_1_72' title='bbox 683 1025 834 1109; x_wconf 79' lang='lat' dir='ltr'><strong>remittit3</strong></span> <span class='ocrx_word' id='word_1_73' title='bbox 852 1026 932 1090; x_wconf 90' lang='lat' dir='ltr'><strong>haec</strong></span> <span class='ocrx_word' id='word_1_74' title='bbox 946 1025 1148 1109; x_wconf 83' lang='lat' dir='ltr'><strong>captivorum</strong></span> <span class='ocrx_word' id='word_1_75' title='bbox 1167 1040 1184 1089; x_wconf 72' lang='lat' dir='ltr'><strong>a</strong></span> 
     </span>
     <span class='ocr_line' id='line_1_11' title="bbox 77 1113 1148 1199; baseline 0.004 -24"><span class='ocrx_word' id='word_1_76' title='bbox 77 1135 104 1176; x_wconf 82' lang='lat' dir='ltr'><strong>io</strong></span> <span class='ocrx_word' id='word_1_77' title='bbox 123 1119 253 1178; x_wconf 87' lang='lat' dir='ltr'><strong>catenas</strong></span> <span class='ocrx_word' id='word_1_78' title='bbox 271 1114 371 1196; x_wconf 85' lang='lat' dir='ltr'><strong>levat3</strong></span> <span class='ocrx_word' id='word_1_79' title='bbox 389 1113 469 1179; x_wconf 86' lang='lat' dir='ltr'><strong>haec</strong></span> <span class='ocrx_word' id='word_1_80' title='bbox 483 1137 500 1178; x_wconf 95' lang='lat' dir='ltr'><strong>e</strong></span> <span class='ocrx_word' id='word_1_81' title='bbox 514 1135 640 1179; x_wconf 89' lang='lat' dir='ltr'><strong>carcere</strong></span> <span class='ocrx_word' id='word_1_82' title='bbox 658 1115 766 1179; x_wconf 88' lang='lat' dir='ltr'><strong>educit</strong></span> <span class='ocrx_word' id='word_1_83' title='bbox 780 1135 861 1198; x_wconf 87' lang='lat' dir='ltr'><strong>quos</strong></span> <span class='ocrx_word' id='word_1_84' title='bbox 876 1115 962 1179; x_wconf 85' lang='lat' dir='ltr'><strong>exire</strong></span> <span class='ocrx_word' id='word_1_85' title='bbox 976 1115 1148 1199; x_wconf 90' lang='lat' dir='ltr'><strong>imperium</strong></span> 
     </span>
     <span class='ocr_line' id='line_1_12' title="bbox 122 1203 1149 1288; baseline 0.002 -22"><span class='ocrx_word' id='word_1_86' title='bbox 122 1203 274 1286; x_wconf 89' lang='lat' dir='ltr'><strong>inpotens</strong></span> <span class='ocrx_word' id='word_1_87' title='bbox 306 1206 465 1286; x_wconf 84' lang='lat' dir='ltr'><strong>vetuerat3</strong></span> <span class='ocrx_word' id='word_1_88' title='bbox 496 1203 577 1268; x_wconf 85' lang='lat' dir='ltr'><strong>haec</strong></span> <span class='ocrx_word' id='word_1_89' title='bbox 606 1204 755 1269; x_wconf 87' lang='lat' dir='ltr'><strong>exulibus</strong></span> <span class='ocrx_word' id='word_1_90' title='bbox 786 1205 820 1268; x_wconf 92' lang='lat' dir='ltr'><strong>in</strong></span> <span class='ocrx_word' id='word_1_91' title='bbox 852 1204 989 1288; x_wconf 88' lang='lat' dir='ltr'><strong>patriam</strong></span> <span class='ocrx_word' id='word_1_92' title='bbox 1023 1225 1149 1288; x_wconf 87' lang='lat' dir='ltr'><strong>semper</strong></span> 
     </span>
     <span class='ocr_line' id='line_1_13' title="bbox 122 1292 1149 1377; baseline 0.002 -21"><span class='ocrx_word' id='word_1_93' title='bbox 122 1292 267 1356; x_wconf 86' lang='lat' dir='ltr'><strong>animum</strong></span> <span class='ocrx_word' id='word_1_94' title='bbox 292 1293 467 1374; x_wconf 89' lang='lat' dir='ltr'><strong>oculosque</strong></span> <span class='ocrx_word' id='word_1_95' title='bbox 489 1293 696 1358; x_wconf 86' lang='lat' dir='ltr'><strong>tendentibus</strong></span> <span class='ocrx_word' id='word_1_96' title='bbox 721 1293 863 1359; x_wconf 82' lang='lat' dir='ltr'><strong>ostendit</strong></span> <span class='ocrx_word' id='word_1_97' title='bbox 884 1293 968 1358; x_wconf 89' lang='lat' dir='ltr'><strong>nihil</strong></span> <span class='ocrx_word' id='word_1_98' title='bbox 986 1293 1149 1377; x_wconf 79' lang='lat' dir='ltr'><strong>interesse,</strong></span> 
     </span>
     <span class='ocr_line' id='line_1_14' title="bbox 122 1381 1150 1466; baseline 0.003 -20"><span class='ocrx_word' id='word_1_99' title='bbox 122 1381 208 1446; x_wconf 85' lang='lat' dir='ltr'><strong>inira</strong></span> <span class='ocrx_word' id='word_1_100' title='bbox 226 1403 307 1464; x_wconf 91' lang='lat' dir='ltr'><strong>quos</strong></span> <span class='ocrx_word' id='word_1_101' title='bbox 327 1382 399 1465; x_wconf 88' lang='lat' dir='ltr'><strong>quis</strong></span> <span class='ocrx_word' id='word_1_102' title='bbox 418 1382 534 1465; x_wconf 70' lang='lat' dir='ltr'><strong>iaceat,</strong></span> <span class='ocrx_word' id='word_1_103' title='bbox 556 1383 649 1466; x_wconf 85' lang='lat' dir='ltr'><strong>haec,</strong></span> <span class='ocrx_word' id='word_1_104' title='bbox 673 1383 730 1447; x_wconf 90' lang='lat' dir='ltr'><strong>ubi</strong></span> <span class='ocrx_word' id='word_1_105' title='bbox 747 1405 799 1447; x_wconf 90' lang='lat' dir='ltr'><strong>res</strong></span> <span class='ocrx_word' id='word_1_106' title='bbox 818 1383 999 1448; x_wconf 84' lang='lat' dir='ltr'><strong>communis</strong></span> <span class='ocrx_word' id='word_1_107' title='bbox 1018 1384 1150 1449; x_wconf 87' lang='lat' dir='ltr'><strong>fortuna</strong></span> 
     </span>
     <span class='ocr_line' id='line_1_15' title="bbox 122 1471 1149 1558; baseline 0.002 -24"><span class='ocrx_word' id='word_1_108' title='bbox 122 1471 206 1535; x_wconf 88' lang='lat' dir='ltr'><strong>male</strong></span> <span class='ocrx_word' id='word_1_109' title='bbox 235 1471 345 1536; x_wconf 84' lang='lat' dir='ltr'><strong>divisit</strong></span> <span class='ocrx_word' id='word_1_110' title='bbox 372 1476 405 1536; x_wconf 90' lang='lat' dir='ltr'><strong>et</strong></span> <span class='ocrx_word' id='word_1_111' title='bbox 435 1493 537 1554; x_wconf 90' lang='lat' dir='ltr'><strong>aequo</strong></span> <span class='ocrx_word' id='word_1_112' title='bbox 562 1472 630 1537; x_wconf 90' lang='lat' dir='ltr'><strong>iure</strong></span> <span class='ocrx_word' id='word_1_113' title='bbox 654 1473 781 1558; x_wconf 83' lang='lat' dir='ltr'><strong>genitos</strong></span> <span class='ocrx_word' id='word_1_114' title='bbox 804 1472 904 1536; x_wconf 85' lang='lat' dir='ltr'><strong>ulium</strong></span> <span class='ocrx_word' id='word_1_115' title='bbox 927 1473 983 1538; x_wconf 87' lang='lat' dir='ltr'><strong>alii</strong></span> <span class='ocrx_word' id='word_1_116' title='bbox 1007 1472 1149 1555; x_wconf 84' lang='lat' dir='ltr'><strong>donavit,</strong></span> 
     </span>
     <span class='ocr_line' id='line_1_16' title="bbox 76 1559 1148 1646; baseline 0.006 -25"><span class='ocrx_word' id='word_1_117' title='bbox 76 1580 103 1620; x_wconf 75' lang='lat'><strong>1⁵</strong></span> <span class='ocrx_word' id='word_1_118' title='bbox 122 1566 281 1643; x_wconf 83' lang='lat' dir='ltr'><strong>exaequat</strong></span> <span class='ocrx_word' id='word_1_119' title='bbox 304 1559 426 1644; x_wconf 73' lang='lat' dir='ltr'><strong>omnia,</strong></span> <span class='ocrx_word' id='word_1_120' title='bbox 455 1561 536 1626; x_wconf 82' lang='lat' dir='ltr'><strong>haec</strong></span> <span class='ocrx_word' id='word_1_121' title='bbox 559 1565 621 1643; x_wconf 88' lang='lat' dir='ltr'><strong>est,</strong></span> <span class='ocrx_word' id='word_1_122' title='bbox 651 1566 727 1645; x_wconf 87' lang='lat' dir='ltr'><strong>post</strong></span> <span class='ocrx_word' id='word_1_123' title='bbox 749 1584 846 1645; x_wconf 91' lang='lat' dir='ltr'><strong>quam</strong></span> <span class='ocrx_word' id='word_1_124' title='bbox 870 1562 953 1626; x_wconf 92' lang='lat' dir='ltr'><strong>nihil</strong></span> <span class='ocrx_word' id='word_1_125' title='bbox 977 1561 1148 1646; x_wconf 88' lang='lat' dir='ltr'><strong>quisquam</strong></span> 
     </span>
     <span class='ocr_line' id='line_1_17' title="bbox 122 1649 1148 1735; baseline 0.003 -22"><span class='ocrx_word' id='word_1_126' title='bbox 122 1649 227 1715; x_wconf 89' lang='lat' dir='ltr'><strong>alieno</strong></span> <span class='ocrx_word' id='word_1_127' title='bbox 246 1649 324 1715; x_wconf 83' lang='lat' dir='ltr'><strong>fecit</strong></span> <span class='ocrx_word' id='word_1_128' title='bbox 342 1650 489 1734; x_wconf 82' lang='lat' dir='ltr'><strong>arbitri03</strong></span> <span class='ocrx_word' id='word_1_129' title='bbox 507 1651 587 1716; x_wconf 89' lang='lat' dir='ltr'><strong>haec</strong></span> <span class='ocrx_word' id='word_1_130' title='bbox 606 1654 667 1733; x_wconf 87' lang='lat' dir='ltr'><strong>est,</strong></span> <span class='ocrx_word' id='word_1_131' title='bbox 686 1651 721 1716; x_wconf 91' lang='lat' dir='ltr'><strong>in</strong></span> <span class='ocrx_word' id='word_1_132' title='bbox 740 1673 804 1735; x_wconf 85' lang='lat' dir='ltr'><strong>qua</strong></span> <span class='ocrx_word' id='word_1_133' title='bbox 821 1672 916 1716; x_wconf 91' lang='lat' dir='ltr'><strong>nemo</strong></span> <span class='ocrx_word' id='word_1_134' title='bbox 930 1651 1148 1716; x_wconf 87' lang='lat' dir='ltr'><strong>humilitatem</strong></span> 
     </span>
     <span class='ocr_line' id='line_1_18' title="bbox 122 1739 1149 1825; baseline 0.001 -22"><span class='ocrx_word' id='word_1_135' title='bbox 122 1761 214 1803; x_wconf 85' lang='lat' dir='ltr'><strong>suam</strong></span> <span class='ocrx_word' id='word_1_136' title='bbox 237 1739 351 1822; x_wconf 80' lang='lat' dir='ltr'><strong>sensit3</strong></span> <span class='ocrx_word' id='word_1_137' title='bbox 373 1739 454 1804; x_wconf 91' lang='lat' dir='ltr'><strong>haec</strong></span> <span class='ocrx_word' id='word_1_138' title='bbox 477 1744 539 1823; x_wconf 89' lang='lat' dir='ltr'><strong>est,</strong></span> <span class='ocrx_word' id='word_1_139' title='bbox 563 1762 645 1824; x_wconf 89' lang='lat' dir='ltr'><strong>quae</strong></span> <span class='ocrx_word' id='word_1_140' title='bbox 663 1740 746 1805; x_wconf 90' lang='lat' dir='ltr'><strong>nulli</strong></span> <span class='ocrx_word' id='word_1_141' title='bbox 764 1762 830 1805; x_wconf 92' lang='lat' dir='ltr'><strong>nou</strong></span> <span class='ocrx_word' id='word_1_142' title='bbox 848 1741 969 1824; x_wconf 79' lang='lat' dir='ltr'><strong>patuit3</strong></span> <span class='ocrx_word' id='word_1_143' title='bbox 992 1739 1071 1806; x_wconf 91' lang='lat' dir='ltr'><strong>haeo</strong></span> <span class='ocrx_word' id='word_1_144' title='bbox 1090 1744 1149 1825; x_wconf 87' lang='lat' dir='ltr'><strong>est,</strong></span> 
     </span>
     <span class='ocr_line' id='line_1_19' title="bbox 121 1827 1147 1914; baseline 0.001 -21"><span class='ocrx_word' id='word_1_145' title='bbox 121 1827 256 1912; x_wconf 88' lang='lat' dir='ltr'><strong>Marcia,</strong></span> <span class='ocrx_word' id='word_1_146' title='bbox 284 1850 381 1913; x_wconf 89' lang='lat' dir='ltr'><strong>quam</strong></span> <span class='ocrx_word' id='word_1_147' title='bbox 408 1834 501 1912; x_wconf 90' lang='lat' dir='ltr'><strong>pater</strong></span> <span class='ocrx_word' id='word_1_148' title='bbox 523 1833 598 1894; x_wconf 88' lang='lat' dir='ltr'><strong>tuus</strong></span> <span class='ocrx_word' id='word_1_149' title='bbox 622 1833 789 1914; x_wconf 73' lang='lat' dir='ltr'><strong>concupit,</strong></span> <span class='ocrx_word' id='word_1_150' title='bbox 818 1831 898 1896; x_wconf 89' lang='lat' dir='ltr'><strong>haec</strong></span> <span class='ocrx_word' id='word_1_151' title='bbox 920 1833 981 1913; x_wconf 88' lang='lat' dir='ltr'><strong>est,</strong></span> <span class='ocrx_word' id='word_1_152' title='bbox 1005 1829 1147 1914; x_wconf 91' lang='lat' dir='ltr'><strong>inquam,</strong></span> 
     </span>
     <span class='ocr_line' id='line_1_20' title="bbox 122 1917 1149 2005; baseline 0.002 -23"><span class='ocrx_word' id='word_1_153' title='bbox 122 1939 204 2002; x_wconf 90' lang='lat' dir='ltr'><strong>quae</strong></span> <span class='ocrx_word' id='word_1_154' title='bbox 228 1917 341 2000; x_wconf 88' lang='lat' dir='ltr'><strong>efficit,</strong></span> <span class='ocrx_word' id='word_1_155' title='bbox 369 1921 406 1982; x_wconf 94' lang='lat' dir='ltr'><strong>ut</strong></span> <span class='ocrx_word' id='word_1_156' title='bbox 429 1919 519 1984; x_wconf 87' lang='lat' dir='ltr'><strong>nasci</strong></span> <span class='ocrx_word' id='word_1_157' title='bbox 541 1941 608 1984; x_wconf 90' lang='lat' dir='ltr'><strong>nou</strong></span> <span class='ocrx_word' id='word_1_158' title='bbox 632 1919 675 1984; x_wconf 90' lang='lat' dir='ltr'><strong>sit</strong></span> <span class='ocrx_word' id='word_1_159' title='bbox 697 1919 909 2003; x_wconf 87' lang='lat' dir='ltr'><strong>supplicium,</strong></span> <span class='ocrx_word' id='word_1_160' title='bbox 932 1941 1014 2005; x_wconf 83' lang='lat' dir='ltr'><strong>quae</strong></span> <span class='ocrx_word' id='word_1_161' title='bbox 1038 1918 1149 2003; x_wconf 88' lang='lat' dir='ltr'><strong>efficit,</strong></span> 
     </span>
     <span class='ocr_line' id='line_1_21' title="bbox 75 2006 1148 2092; baseline 0.007 -26"><span class='ocrx_word' id='word_1_162' title='bbox 75 2027 101 2067; x_wconf 80' lang='lat'><strong>20</strong></span> <span class='ocrx_word' id='word_1_163' title='bbox 121 2011 159 2071; x_wconf 92' lang='lat' dir='ltr'><strong>ut</strong></span> <span class='ocrx_word' id='word_1_164' title='bbox 184 2027 252 2071; x_wconf 91' lang='lat' dir='ltr'><strong>non</strong></span> <span class='ocrx_word' id='word_1_165' title='bbox 279 2006 446 2072; x_wconf 88' lang='lat' dir='ltr'><strong>concidam</strong></span> <span class='ocrx_word' id='word_1_166' title='bbox 474 2008 626 2074; x_wconf 80' lang='lat' dir='ltr'><strong>adversus</strong></span> <span class='ocrx_word' id='word_1_167' title='bbox 654 2008 758 2073; x_wconf 88' lang='lat' dir='ltr'><strong>minas</strong></span> <span class='ocrx_word' id='word_1_168' title='bbox 787 2030 933 2092; x_wconf 86' lang='lat' dir='ltr'><strong>casuum,</strong></span> <span class='ocrx_word' id='word_1_169' title='bbox 961 2013 998 2073; x_wconf 92' lang='lat' dir='ltr'><strong>ut</strong></span> <span class='ocrx_word' id='word_1_170' title='bbox 1021 2029 1148 2074; x_wconf 84' lang='lat' dir='ltr'><strong>servare</strong></span> 
     </span>
     <span class='ocr_line' id='line_1_22' title="bbox 121 2096 1147 2182; baseline 0.002 -22"><span class='ocrx_word' id='word_1_171' title='bbox 121 2096 265 2160; x_wconf 87' lang='lat' dir='ltr'><strong>animum</strong></span> <span class='ocrx_word' id='word_1_172' title='bbox 293 2097 415 2161; x_wconf 80' lang='lat' dir='ltr'><strong>salvom</strong></span> <span class='ocrx_word' id='word_1_173' title='bbox 440 2120 478 2163; x_wconf 92' lang='lat' dir='ltr'><strong>ac</strong></span> <span class='ocrx_word' id='word_1_174' title='bbox 500 2101 667 2182; x_wconf 91' lang='lat' dir='ltr'><strong>potentem</strong></span> <span class='ocrx_word' id='word_1_175' title='bbox 692 2098 743 2162; x_wconf 90' lang='lat' dir='ltr'><strong>sui</strong></span> <span class='ocrx_word' id='word_1_176' title='bbox 765 2098 901 2181; x_wconf 88' lang='lat' dir='ltr'><strong>possim:</strong></span> <span class='ocrx_word' id='word_1_177' title='bbox 932 2097 1035 2163; x_wconf 90' lang='lat' dir='ltr'><strong>habeo</strong></span> <span class='ocrx_word' id='word_1_178' title='bbox 1060 2097 1147 2180; x_wconf 91' lang='lat' dir='ltr'><strong>quod</strong></span> 
     </span>
     <span class='ocr_line' id='line_1_23' title="bbox 121 2185 1182 2272; baseline 0 -23"><span class='ocrx_word' id='word_1_179' title='bbox 121 2185 290 2269; x_wconf 84' lang='lat' dir='ltr'><strong>appellem.</strong></span> <span class='ocrx_word' id='word_1_180' title='bbox 327 2187 421 2251; x_wconf 81' lang='lat' dir='ltr'><strong>rideo</strong></span> <span class='ocrx_word' id='word_1_181' title='bbox 445 2187 519 2252; x_wconf 91' lang='lat' dir='ltr'><strong>istic</strong></span> <span class='ocrx_word' id='word_1_182' title='bbox 538 2209 647 2253; x_wconf 89' lang='lat' dir='ltr'><strong>cruces</strong></span> <span class='ocrx_word' id='word_1_183' title='bbox 670 2209 738 2253; x_wconf 92' lang='lat' dir='ltr'><strong>non</strong></span> <span class='ocrx_word' id='word_1_184' title='bbox 755 2186 1000 2270; x_wconf 89' lang='lat' dir='ltr'><strong>uniusquidem</strong></span> <span class='ocrx_word' id='word_1_185' title='bbox 1021 2187 1182 2272; x_wconf 77' lang='lat' dir='ltr'><strong>generice</strong></span> 
     </span>
     <span class='ocr_line' id='line_1_24' title="bbox 120 2273 1146 2361; baseline 0.004 -22"><span class='ocrx_word' id='word_1_186' title='bbox 120 2273 177 2340; x_wconf 90' lang='lat' dir='ltr'><strong>sed</strong></span> <span class='ocrx_word' id='word_1_187' title='bbox 200 2275 293 2339; x_wconf 87' lang='lat' dir='ltr'><strong>aliter</strong></span> <span class='ocrx_word' id='word_1_188' title='bbox 316 2276 355 2340; x_wconf 90' lang='lat' dir='ltr'><strong>ab</strong></span> <span class='ocrx_word' id='word_1_189' title='bbox 379 2276 451 2341; x_wconf 86' lang='lat' dir='ltr'><strong>aliis</strong></span> <span class='ocrx_word' id='word_1_190' title='bbox 475 2276 662 2342; x_wconf 86' lang='lat' dir='ltr'><strong>fabricatas:</strong></span> <span class='ocrx_word' id='word_1_191' title='bbox 690 2277 795 2361; x_wconf 88' lang='lat' dir='ltr'><strong>capite</strong></span> <span class='ocrx_word' id='word_1_192' title='bbox 819 2276 950 2361; x_wconf 91' lang='lat' dir='ltr'><strong>quidam</strong></span> <span class='ocrx_word' id='word_1_193' title='bbox 974 2292 1146 2343; x_wconf 80' lang='lat' dir='ltr'><strong>conversos</strong></span> 
     </span>
     <span class='ocr_line' id='line_1_25' title="bbox 119 2364 1147 2452; baseline 0.004 -23"><span class='ocrx_word' id='word_1_194' title='bbox 119 2364 292 2430; x_wconf 84' lang='lat' dir='ltr'><strong>interram</strong></span> <span class='ocrx_word' id='word_1_195' title='bbox 311 2365 519 2450; x_wconf 83' lang='lat' dir='ltr'><strong>suspendere,</strong></span> <span class='ocrx_word' id='word_1_196' title='bbox 538 2367 593 2431; x_wconf 84' lang='lat' dir='ltr'><strong>ulii</strong></span> <span class='ocrx_word' id='word_1_197' title='bbox 611 2388 669 2449; x_wconf 88' lang='lat' dir='ltr'><strong>per</strong></span> <span class='ocrx_word' id='word_1_198' title='bbox 687 2366 827 2432; x_wconf 87' lang='lat' dir='ltr'><strong>obscena</strong></span> <span class='ocrx_word' id='word_1_199' title='bbox 845 2365 987 2450; x_wconf 90' lang='lat' dir='ltr'><strong>stipitem</strong></span> <span class='ocrx_word' id='word_1_200' title='bbox 1003 2371 1147 2452; x_wconf 80' lang='lat' dir='ltr'><strong>egerunt,</strong></span> 
     </span>
     <span class='ocr_line' id='line_1_26' title="bbox 73 2454 1145 2540; baseline 0.008 -27"><span class='ocrx_word' id='word_1_201' title='bbox 73 2472 100 2514; x_wconf 78' lang='lat' dir='ltr'><strong>ss</strong></span> <span class='ocrx_word' id='word_1_202' title='bbox 119 2454 175 2518; x_wconf 89' lang='lat' dir='ltr'><strong>alii</strong></span> <span class='ocrx_word' id='word_1_203' title='bbox 194 2454 327 2519; x_wconf 89' lang='lat' dir='ltr'><strong>brachia</strong></span> <span class='ocrx_word' id='word_1_204' title='bbox 345 2454 493 2539; x_wconf 89' lang='lat' dir='ltr'><strong>patibulo</strong></span> <span class='ocrx_word' id='word_1_205' title='bbox 510 2455 747 2540; x_wconf 80' lang='lat' dir='ltr'><strong>explicuerimt3</strong></span> <span class='ocrx_word' id='word_1_206' title='bbox 766 2454 859 2521; x_wconf 88' lang='lat' dir='ltr'><strong>video</strong></span> <span class='ocrx_word' id='word_1_207' title='bbox 876 2454 1033 2538; x_wconf 73' lang='lat' dir='ltr'><strong>fidiculas,</strong></span> <span class='ocrx_word' id='word_1_208' title='bbox 1052 2455 1145 2522; x_wconf 83' lang='lat' dir='ltr'><strong>video</strong></span> 
     </span>
     <span class='ocr_line' id='line_1_27' title="bbox 119 2543 1146 2631; baseline 0.002 -23"><span class='ocrx_word' id='word_1_209' title='bbox 119 2543 265 2625; x_wconf 85' lang='lat' dir='ltr'><strong>verbera,</strong></span> <span class='ocrx_word' id='word_1_210' title='bbox 293 2547 326 2608; x_wconf 91' lang='lat' dir='ltr'><strong>et</strong></span> <span class='ocrx_word' id='word_1_211' title='bbox 348 2544 502 2609; x_wconf 90' lang='lat' dir='ltr'><strong>membris</strong></span> <span class='ocrx_word' id='word_1_212' title='bbox 526 2545 662 2631; x_wconf 81' lang='lat' dir='ltr'><strong>singulis</strong></span> <span class='ocrx_word' id='word_1_213' title='bbox 686 2545 830 2610; x_wconf 89' lang='lat' dir='ltr'><strong>articulis</strong></span> <span class='ocrx_word' id='word_1_214' title='bbox 854 2544 982 2631; x_wconf 78' lang='lat' dir='ltr'><strong>singula</strong></span> <span class='ocrx_word' id='word_1_215' title='bbox 1004 2544 1027 2628; x_wconf 90' lang='lat'>†</span> <span class='ocrx_word' id='word_1_216' title='bbox 1050 2544 1146 2610; x_wconf 89' lang='lat' dir='ltr'><strong>docu-</strong></span> 
     </span>
     <span class='ocr_line' id='line_1_28' title="bbox 119 2633 1146 2700; baseline 0.003 -3"><span class='ocrx_word' id='word_1_217' title='bbox 119 2637 215 2698; x_wconf 89' lang='lat' dir='ltr'><strong>erunt</strong></span> <span class='ocrx_word' id='word_1_218' title='bbox 243 2633 514 2699; x_wconf 85' lang='lat' dir='ltr'><strong>machinamenta:</strong></span> <span class='ocrx_word' id='word_1_219' title='bbox 545 2638 579 2699; x_wconf 90' lang='lat' dir='ltr'><strong>at</strong></span> <span class='ocrx_word' id='word_1_220' title='bbox 603 2633 697 2699; x_wconf 82' lang='lat' dir='ltr'><strong>video</strong></span> <span class='ocrx_word' id='word_1_221' title='bbox 724 2638 757 2699; x_wconf 93' lang='lat' dir='ltr'><strong>et</strong></span> <span class='ocrx_word' id='word_1_222' title='bbox 782 2636 929 2699; x_wconf 87' lang='lat' dir='ltr'><strong>mortem.</strong></span> <span class='ocrx_word' id='word_1_223' title='bbox 969 2637 1046 2699; x_wconf 87' lang='lat' dir='ltr'><strong>sunt</strong></span> <span class='ocrx_word' id='word_1_224' title='bbox 1073 2633 1146 2700; x_wconf 89' lang='lat' dir='ltr'><strong>istic</strong></span> 
     </span>
     <span class='ocr_line' id='line_1_29' title="bbox 118 2721 1146 2808; baseline 0.002 -22"><span class='ocrx_word' id='word_1_225' title='bbox 118 2722 229 2787; x_wconf 84' lang='lat' dir='ltr'><strong>hostes</strong></span> <span class='ocrx_word' id='word_1_226' title='bbox 248 2724 386 2806; x_wconf 90' lang='lat' dir='ltr'><strong>cruenti,</strong></span> <span class='ocrx_word' id='word_1_227' title='bbox 406 2723 492 2788; x_wconf 86' lang='lat' dir='ltr'><strong>cives</strong></span> <span class='ocrx_word' id='word_1_228' title='bbox 512 2721 656 2808; x_wconf 87' lang='lat' dir='ltr'><strong>superbi:</strong></span> <span class='ocrx_word' id='word_1_229' title='bbox 675 2722 731 2788; x_wconf 90' lang='lat' dir='ltr'><strong>sed</strong></span> <span class='ocrx_word' id='word_1_230' title='bbox 750 2722 843 2788; x_wconf 78' lang='lat' dir='ltr'><strong>video</strong></span> <span class='ocrx_word' id='word_1_231' title='bbox 863 2723 936 2788; x_wconf 88' lang='lat' dir='ltr'><strong>istic</strong></span> <span class='ocrx_word' id='word_1_232' title='bbox 951 2726 984 2787; x_wconf 90' lang='lat' dir='ltr'><strong>et</strong></span> <span class='ocrx_word' id='word_1_233' title='bbox 998 2726 1146 2788; x_wconf 85' lang='lat' dir='ltr'><strong>mortem.</strong></span> 
     </span>
    </p>
   </div>
   <div class='ocr_carea' id='block_1_3' title="bbox 117 2896 1151 3597">
    <p class='ocr_par' dir='ltr' id='par_1_4' title="bbox 117 2896 1151 3597">
     <span class='ocr_line' id='line_1_30' title="bbox 208 2896 1144 2965; baseline 0.002 -14"><span class='ocrx_word' id='word_1_234' title='bbox 208 2897 226 2951; x_wconf 78' lang='lat'><strong>5</strong></span> <span class='ocrx_word' id='word_1_235' title='bbox 245 2896 362 2952; x_wconf 88' lang='lat' dir='ltr'><strong>deducit</strong></span> <span class='ocrx_word' id='word_1_236' title='bbox 379 2898 407 2952; x_wconf 97' lang='lat' dir='ltr'><strong><em>A</em></strong></span> <span class='ocrx_word' id='word_1_237' title='bbox 433 2896 543 2952; x_wconf 89' lang='lat' dir='ltr'><strong>decutit</strong></span> <span class='ocrx_word' id='word_1_238' title='bbox 563 2897 644 2952; x_wconf 80' lang='lat' dir='ltr'><strong>Koch</strong></span> <span class='ocrx_word' id='word_1_239' title='bbox 669 2896 777 2951; x_wconf 88' lang='lat' dir='ltr'><strong>decidit</strong></span> <span class='ocrx_word' id='word_1_240' title='bbox 799 2896 880 2952; x_wconf 71' lang='lat' dir='ltr'><strong>Gertz</strong></span> <span class='ocrx_word' id='word_1_241' title='bbox 907 2896 1058 2965; x_wconf 81' lang='lat' dir='ltr'><strong>(praecidit</strong></span> <span class='ocrx_word' id='word_1_242' title='bbox 1082 2896 1144 2953; x_wconf 76' lang='lat' dir='ltr'><strong>Sec.</strong></span> 
     </span>
     <span class='ocr_line' id='line_1_31' title="bbox 119 2967 1146 3041; baseline 0.002 -20"><span class='ocrx_word' id='word_1_243' title='bbox 119 2969 195 3036; x_wconf 80' lang='lat' dir='ltr'><strong>epist.</strong></span> <span class='ocrx_word' id='word_1_244' title='bbox 214 2971 317 3038; x_wconf 76' lang='lat'><strong>66,42)</strong></span> <span class='ocrx_word' id='word_1_245' title='bbox 342 2969 352 3041; x_wconf 69' lang='lat' dir='ltr'><strong>ll</strong></span> <span class='ocrx_word' id='word_1_246' title='bbox 377 2968 395 3022; x_wconf 81' lang='grc'><strong>1</strong></span> <span class='ocrx_word' id='word_1_247' title='bbox 418 2968 540 3022; x_wconf 85' lang='lat' dir='ltr'><strong>durioris</strong></span> <span class='ocrx_word' id='word_1_248' title='bbox 559 2970 586 3023; x_wconf 89' lang='lat' dir='ltr'><strong><em>A</em></strong></span> <span class='ocrx_word' id='word_1_249' title='bbox 611 2969 622 3040; x_wconf 76' lang='grc' dir='ltr'><strong>ΙΙ</strong></span> <span class='ocrx_word' id='word_1_250' title='bbox 646 2967 664 3023; x_wconf 86' lang='grc'>8</span> <span class='ocrx_word' id='word_1_251' title='bbox 683 2969 707 3022; x_wconf 89' lang='lat' dir='ltr'><strong>is</strong></span> <span class='ocrx_word' id='word_1_252' title='bbox 726 2970 757 3022; x_wconf 91' lang='lat' dir='ltr'><strong>at</strong></span> <span class='ocrx_word' id='word_1_253' title='bbox 771 2967 812 3022; x_wconf 88' lang='lat' dir='ltr'><strong><em>A¹</em></strong></span> <span class='ocrx_word' id='word_1_254' title='bbox 826 2983 895 3023; x_wconf 80' lang='lat' dir='ltr'><strong>corr.</strong></span> <span class='ocrx_word' id='word_1_255' title='bbox 910 2969 942 3023; x_wconf 78' lang='lat' dir='ltr'><strong>io</strong></span> <span class='ocrx_word' id='word_1_256' title='bbox 960 2967 1004 3022; x_wconf 89' lang='lat' dir='ltr'><strong>his</strong></span> <span class='ocrx_word' id='word_1_257' title='bbox 1024 2967 1061 3021; x_wconf 86' lang='lat' dir='ltr'><strong>ad</strong></span> <span class='ocrx_word' id='word_1_258' title='bbox 1077 2967 1119 3023; x_wconf 66' lang='lat' dir='ltr'><strong>Al</strong></span> <span class='ocrx_word' id='word_1_259' title='bbox 1136 2969 1146 3040; x_wconf 77' lang='grc' dir='ltr'>Η</span> 
     </span>
     <span class='ocr_line' id='line_1_32' title="bbox 118 3036 1145 3112; baseline 0 -19"><span class='ocrx_word' id='word_1_260' title='bbox 118 3038 153 3093; x_wconf 90' lang='grc'><strong>11</strong></span> <span class='ocrx_word' id='word_1_261' title='bbox 172 3040 268 3108; x_wconf 84' lang='lat' dir='ltr'><strong>patria</strong></span> <span class='ocrx_word' id='word_1_262' title='bbox 281 3041 310 3095; x_wconf 99' lang='lat' dir='ltr'><strong><em>A</em></strong></span> <span class='ocrx_word' id='word_1_263' title='bbox 327 3040 337 3112; x_wconf 72' lang='lat' dir='ltr'><strong>ll</strong></span> <span class='ocrx_word' id='word_1_264' title='bbox 357 3039 393 3093; x_wconf 76' lang='lat'><strong>12</strong></span> <span class='ocrx_word' id='word_1_265' title='bbox 411 3039 541 3094; x_wconf 88' lang='lat' dir='ltr'><strong>tendenti</strong></span> <span class='ocrx_word' id='word_1_266' title='bbox 555 3038 598 3094; x_wconf 89' lang='lat' dir='ltr'><strong><em>A¹</em></strong></span> <span class='ocrx_word' id='word_1_267' title='bbox 611 3055 678 3094; x_wconf 84' lang='lat' dir='ltr'><strong>corr.</strong></span> <span class='ocrx_word' id='word_1_268' title='bbox 694 3039 737 3094; x_wconf 80' lang='lat' dir='ltr'><strong><em>A⁶</em></strong></span> <span class='ocrx_word' id='word_1_269' title='bbox 758 3040 760 3108; x_wconf 70' lang='lat' dir='ltr'><strong>l</strong></span> <span class='ocrx_word' id='word_1_270' title='bbox 782 3037 927 3093; x_wconf 86' lang='lat' dir='ltr'><strong>obstendit</strong></span> <span class='ocrx_word' id='word_1_271' title='bbox 942 3039 969 3092; x_wconf 89' lang='lat' dir='ltr'><strong><em>A</em></strong></span> <span class='ocrx_word' id='word_1_272' title='bbox 987 3038 997 3108; x_wconf 76' lang='grc' dir='ltr'>Η</span> <span class='ocrx_word' id='word_1_273' title='bbox 1016 3038 1051 3093; x_wconf 79' lang='lat' dir='ltr'><strong>lt</strong></span> <span class='ocrx_word' id='word_1_274' title='bbox 1069 3036 1145 3093; x_wconf 77' lang='lat' dir='ltr'><strong>inira</strong></span> 
     </span>
     <span class='ocr_line' id='line_1_33' title="bbox 119 3108 1149 3182; baseline 0.004 -20"><span class='ocrx_word' id='word_1_275' title='bbox 119 3122 225 3177; x_wconf 77' lang='lat' dir='ltr'><strong>quoss</strong></span> <span class='ocrx_word' id='word_1_276' title='bbox 249 3109 324 3165; x_wconf 81' lang='lat' dir='ltr'><strong>infru</strong></span> <span class='ocrx_word' id='word_1_277' title='bbox 348 3110 423 3178; x_wconf 90' lang='lat' dir='ltr'><strong>quod</strong></span> <span class='ocrx_word' id='word_1_278' title='bbox 445 3111 509 3165; x_wconf 84' lang='lat' dir='ltr'><strong><em>AF</em></strong></span> <span class='ocrx_word' id='word_1_279' title='bbox 531 3109 606 3164; x_wconf 79' lang='lat' dir='ltr'><strong>iufra</strong></span> <span class='ocrx_word' id='word_1_280' title='bbox 629 3108 698 3179; x_wconf 87' lang='lat' dir='ltr'><strong>quid</strong></span> <span class='ocrx_word' id='word_1_281' title='bbox 719 3110 829 3181; x_wconf 65' lang='lat' dir='ltr'><strong>siesbye</strong></span> <span class='ocrx_word' id='word_1_282' title='bbox 854 3109 864 3182; x_wconf 73' lang='grc' dir='ltr'><em>Η</em></span> <span class='ocrx_word' id='word_1_283' title='bbox 889 3108 924 3164; x_wconf 82' lang='grc'><strong>11</strong></span> <span class='ocrx_word' id='word_1_284' title='bbox 947 3110 1096 3178; x_wconf 78' lang='lat' dir='ltr'><strong>quisquam</strong></span> <span class='ocrx_word' id='word_1_285' title='bbox 1117 3109 1149 3166; x_wconf 77' lang='lat' dir='ltr'><em>F</em></span> 
     </span>
     <span class='ocr_line' id='line_1_34' title="bbox 119 3179 1144 3252; baseline 0.001 -19"><span class='ocrx_word' id='word_1_286' title='bbox 119 3181 272 3248; x_wconf 88' lang='lat' dir='ltr'><strong>quicquam</strong></span> <span class='ocrx_word' id='word_1_287' title='bbox 286 3183 315 3237; x_wconf 88' lang='lat' dir='ltr'><strong><em>A</em></strong></span> <span class='ocrx_word' id='word_1_288' title='bbox 332 3181 343 3252; x_wconf 83' lang='grc' dir='ltr'><strong>ΙΙ</strong></span> <span class='ocrx_word' id='word_1_289' title='bbox 359 3180 394 3236; x_wconf 81' lang='lat'><strong>21</strong></span> <span class='ocrx_word' id='word_1_290' title='bbox 414 3181 494 3235; x_wconf 81' lang='lat' dir='ltr'><strong>saluo</strong></span> <span class='ocrx_word' id='word_1_291' title='bbox 514 3183 574 3249; x_wconf 78' lang='lat' dir='ltr'><strong>(aut</strong></span> <span class='ocrx_word' id='word_1_292' title='bbox 589 3179 675 3250; x_wconf 86' lang='lat' dir='ltr'><strong>salus)</strong></span> <span class='ocrx_word' id='word_1_293' title='bbox 694 3187 726 3236; x_wconf 80' lang='lat' dir='ltr'><strong>ut</strong></span> <span class='ocrx_word' id='word_1_294' title='bbox 740 3181 794 3236; x_wconf 83' lang='lat' dir='ltr'><strong>vid.</strong></span> <span class='ocrx_word' id='word_1_295' title='bbox 811 3179 852 3235; x_wconf 72' lang='lat'><strong>,4¹</strong></span> <span class='ocrx_word' id='word_1_296' title='bbox 867 3179 949 3235; x_wconf 78' lang='lat' dir='ltr'><strong>salui</strong></span> <span class='ocrx_word' id='word_1_297' title='bbox 964 3181 1006 3235; x_wconf 69' lang='lat' dir='ltr'><strong>Ab</strong></span> <span class='ocrx_word' id='word_1_298' title='bbox 1018 3181 1028 3247; x_wconf 88' lang='grc' dir='ltr'><strong>ΙΙ</strong></span> <span class='ocrx_word' id='word_1_299' title='bbox 1045 3179 1081 3234; x_wconf 74' lang='lat' dir='ltr'><strong>ia</strong></span> <span class='ocrx_word' id='word_1_300' title='bbox 1095 3180 1144 3235; x_wconf 89' lang='lat' dir='ltr'><strong>isti</strong></span> 
     </span>
     <span class='ocr_line' id='line_1_35' title="bbox 117 3251 1144 3325; baseline 0.002 -19"><span class='ocrx_word' id='word_1_301' title='bbox 117 3252 146 3306; x_wconf 87' lang='lat' dir='ltr'><strong><em>A</em></strong></span> <span class='ocrx_word' id='word_1_302' title='bbox 167 3252 171 3322; x_wconf 70' lang='lat' dir='ltr'><strong>l</strong></span> <span class='ocrx_word' id='word_1_303' title='bbox 192 3269 248 3306; x_wconf 92' lang='lat' dir='ltr'><strong>non</strong></span> <span class='ocrx_word' id='word_1_304' title='bbox 266 3254 295 3308; x_wconf 99' lang='lat' dir='ltr'><strong><em>A</em></strong></span> <span class='ocrx_word' id='word_1_305' title='bbox 318 3268 353 3307; x_wconf 88' lang='lat' dir='ltr'><strong>ne</strong></span> <span class='ocrx_word' id='word_1_306' title='bbox 376 3252 457 3308; x_wconf 77' lang='lat' dir='ltr'><strong>Gertz</strong></span> <span class='ocrx_word' id='word_1_307' title='bbox 481 3253 492 3325; x_wconf 69' lang='lat' dir='ltr'><strong>ll</strong></span> <span class='ocrx_word' id='word_1_308' title='bbox 517 3252 553 3307; x_wconf 80' lang='lat'><strong>24</strong></span> <span class='ocrx_word' id='word_1_309' title='bbox 571 3252 678 3307; x_wconf 85' lang='lat' dir='ltr'><strong>interra</strong></span> <span class='ocrx_word' id='word_1_310' title='bbox 695 3253 724 3307; x_wconf 91' lang='lat' dir='ltr'><strong><em>A</em></strong></span> <span class='ocrx_word' id='word_1_311' title='bbox 741 3252 752 3323; x_wconf 76' lang='grc' dir='ltr'>Η</span> <span class='ocrx_word' id='word_1_312' title='bbox 776 3251 812 3306; x_wconf 79' lang='grc'><strong>11</strong></span> <span class='ocrx_word' id='word_1_313' title='bbox 831 3251 951 3323; x_wconf 77' lang='lat' dir='ltr'><strong>siugulis</strong></span> <span class='ocrx_word' id='word_1_314' title='bbox 970 3251 1097 3307; x_wconf 83' lang='lat' dir='ltr'><strong>articulis</strong></span> <span class='ocrx_word' id='word_1_315' title='bbox 1116 3253 1144 3308; x_wconf 82' lang='lat' dir='ltr'><strong><em>A</em></strong></span> 
     </span>
     <span class='ocr_line' id='line_1_36' title="bbox 118 3322 1145 3397; baseline 0.003 -21"><span class='ocrx_word' id='word_1_316' title='bbox 118 3322 190 3392; x_wconf 80' lang='lat' dir='ltr'><strong>sing.</strong></span> <span class='ocrx_word' id='word_1_317' title='bbox 206 3326 235 3378; x_wconf 87' lang='lat' dir='ltr'><strong>et</strong></span> <span class='ocrx_word' id='word_1_318' title='bbox 249 3325 301 3379; x_wconf 86' lang='lat' dir='ltr'><strong>art.</strong></span> <span class='ocrx_word' id='word_1_319' title='bbox 317 3337 334 3378; x_wconf 77' lang='grc' dir='ltr'><strong><em>ς</em></strong></span> <span class='ocrx_word' id='word_1_320' title='bbox 353 3326 382 3380; x_wconf 92' lang='lat' dir='ltr'><strong>et</strong></span> <span class='ocrx_word' id='word_1_321' title='bbox 396 3324 467 3396; x_wconf 81' lang='lat' dir='ltr'><strong>sing.</strong></span> <span class='ocrx_word' id='word_1_322' title='bbox 478 3327 531 3380; x_wconf 83' lang='lat' dir='ltr'><strong>art.</strong></span> <span class='ocrx_word' id='word_1_323' title='bbox 543 3326 612 3396; x_wconf 76' lang='lat' dir='ltr'><strong>vulp.</strong></span> <span class='ocrx_word' id='word_1_324' title='bbox 630 3323 634 3393; x_wconf 90' lang='grc' dir='ltr'>Ι</span> <span class='ocrx_word' id='word_1_325' title='bbox 651 3323 807 3379; x_wconf 80' lang='lat' dir='ltr'><strong>docueruut</strong></span> <span class='ocrx_word' id='word_1_326' title='bbox 816 3325 843 3378; x_wconf 90' lang='lat' dir='ltr'><strong><em>A</em></strong></span> <span class='ocrx_word' id='word_1_327' title='bbox 858 3325 1015 3380; x_wconf 87' lang='lat' dir='ltr'><strong>nocuerunt</strong></span> <span class='ocrx_word' id='word_1_328' title='bbox 1026 3323 1145 3397; x_wconf 76' lang='lat' dir='ltr'><strong>Madoip</strong></span> 
     </span>
     <span class='ocr_line' id='line_1_37' title="bbox 118 3395 1144 3469; baseline 0.006 -20"><span class='ocrx_word' id='word_1_329' title='bbox 118 3395 304 3452; x_wconf 84' lang='lat' dir='ltr'><strong>admoverunt</strong></span> <span class='ocrx_word' id='word_1_330' title='bbox 318 3397 465 3469; x_wconf 77' lang='lat' dir='ltr'><strong>Niemcper</strong></span> <span class='ocrx_word' id='word_1_331' title='bbox 487 3399 516 3453; x_wconf 91' lang='lat' dir='ltr'><strong>et</strong></span> <span class='ocrx_word' id='word_1_332' title='bbox 534 3395 650 3453; x_wconf 86' lang='lat' dir='ltr'><strong>urendis</strong></span> <span class='ocrx_word' id='word_1_333' title='bbox 669 3396 789 3468; x_wconf 76' lang='lat' dir='ltr'><strong>singulis</strong></span> <span class='ocrx_word' id='word_1_334' title='bbox 808 3396 935 3452; x_wconf 81' lang='lat' dir='ltr'><strong>articulis</strong></span> <span class='ocrx_word' id='word_1_335' title='bbox 956 3395 1068 3469; x_wconf 77' lang='lat' dir='ltr'><strong>singula</strong></span> <span class='ocrx_word' id='word_1_336' title='bbox 1086 3397 1144 3455; x_wconf 83' lang='lat' dir='ltr'><strong>tor·</strong></span> 
     </span>
     <span class='ocr_line' id='line_1_38' title="bbox 118 3468 1151 3596; baseline 0 -74"><span class='ocrx_word' id='word_1_337' title='bbox 118 3469 269 3596; x_wconf 62' lang='lat' dir='ltr'><strong>qudentiupp</strong></span> <span class='ocrx_word' id='word_1_338' title='bbox 284 3469 375 3524; x_wconf 88' lang='lat' dir='ltr'><strong>mach.</strong></span> <span class='ocrx_word' id='word_1_339' title='bbox 391 3471 534 3540; x_wconf 77' lang='lat' dir='ltr'><strong>temptavit</strong></span> <span class='ocrx_word' id='word_1_340' title='bbox 546 3469 683 3526; x_wconf 74' lang='lat' dir='ltr'><strong>Schultess</strong></span> <span class='ocrx_word' id='word_1_341' title='bbox 700 3469 711 3542; x_wconf 69' lang='lat' dir='ltr'><strong>ll</strong></span> <span class='ocrx_word' id='word_1_342' title='bbox 728 3468 763 3525; x_wconf 79' lang='grc'><strong>11</strong></span> <span class='ocrx_word' id='word_1_343' title='bbox 779 3471 810 3525; x_wconf 89' lang='lat' dir='ltr'><strong>at</strong></span> <span class='ocrx_word' id='word_1_344' title='bbox 827 3468 912 3525; x_wconf 88' lang='lat' dir='ltr'><strong>uideo</strong></span> <span class='ocrx_word' id='word_1_345' title='bbox 927 3470 958 3525; x_wconf 79' lang='lat' dir='ltr'><em>F</em></span> <span class='ocrx_word' id='word_1_346' title='bbox 974 3471 1003 3524; x_wconf 87' lang='lat' dir='ltr'><strong>ot</strong></span> <span class='ocrx_word' id='word_1_347' title='bbox 1021 3468 1107 3523; x_wconf 81' lang='lat' dir='ltr'><strong>uideo</strong></span> <span class='ocrx_word' id='word_1_348' title='bbox 1121 3471 1151 3523; x_wconf 81' lang='lat' dir='ltr'><strong><em>A</em></strong></span> 
     </span>
     <span class='ocr_line' id='line_1_39' title="bbox 117 3547 328 3597; baseline 0.014 -3"><span class='ocrx_word' id='word_1_349' title='bbox 117 3555 147 3595; x_wconf 90' lang='lat' dir='ltr'><strong>se</strong></span> <span class='ocrx_word' id='word_1_350' title='bbox 185 3558 211 3595; x_wconf 81' lang='lat' dir='ltr'><strong>v.</strong></span> <span class='ocrx_word' id='word_1_351' title='bbox 266 3547 328 3597; x_wconf 78' lang='lat' dir='ltr'><strong>uret</strong></span> 
     </span>
    </p>
   </div>
   <div class='ocr_carea' id='block_1_4' title="bbox 0 0 1224 3846">
    <p class='ocr_par' dir='ltr' id='par_1_5' title="bbox 0 0 1224 3846">
     <span class='ocr_line' id='line_1_40' title="bbox 0 0 1224 3846; baseline 0 0"><span class='ocrx_word' id='word_1_352' title='bbox 0 0 1224 3846; x_wconf 95' lang='lat' dir='ltr'><strong> </strong></span> 
     </span>
    </p>
   </div>
  </div>
 </body>
</html>
