2438 3846
109 155 161 212 AD
176 153 346 210 Haavmm
359 153 518 210 usuam
531 153 581 209 ΒΕ
595 151 874 233 consumamur
888 152 965 210 csP.
977 159 1011 209 lt
1051 155 1117 224 359

96 302 226 370 conlato
252 300 419 367 funeratus
447 303 504 366 est.
549 297 671 365 Atilius
699 297 860 387 Regulus,
890 320 965 365 cum
992 298 1119 366 Poenos

96 392 132 457 in
154 389 266 457 Africa
287 389 449 474 funderet,
476 389 517 456 ad
540 393 686 456 senatum
712 390 842 476 scripsit
864 390 1119 456 mercennarium

97 501 193 547 suum
224 479 408 546 discessisse
439 482 473 545 et
501 479 541 546 ab
572 500 610 545 eo
641 479 802 546 desertum
832 500 901 545 esse
930 500 1000 565 rus,
1032 479 1120 564 quod

98 570 224 637 senatui
251 569 382 655 publice
404 570 523 654 curari,
550 567 627 634 dum
650 568 777 635 abesset
799 566 957 656 Regulus,
984 569 1120 655 placuit:

67 659 202 726 eluitne
241 659 326 724 tanti
366 678 494 724 servum
529 678 597 724 non
631 657 765 741 habere,
805 661 843 723 ut
878 659 1014 725 colonus
1050 659 1120 724 eius

96 748 238 836 populus
268 745 433 814 Romanus
466 746 571 814 esset?
616 744 778 832 Scipionis
811 747 897 813 filiae
927 769 967 813 ex
996 747 1155 813 aerarios

98 838 207 904 dotem
239 839 444 922 acceperunt,
481 837 557 922 quia
588 834 672 902 nihil
703 836 769 902 illis
805 837 981 921 reliquerat
1015 840 1121 922 patere

97 926 542 1084 sustentas
854 923 1044 1081 rana
1064 926 1121 1082 u

51 1129 81 1171 ro
98 1127 224 1193 semper
259 1039 410 1192 exigeret
455 1128 475 1171 o
511 1104 620 1171 felices
652 1063 740 1170 vinds
771 1103 967 1190 puellarum,
1003 1037 1120 1190 quigliltls

97 1195 238 1281 populus
266 1193 432 1260 Romanus
457 1195 532 1261 loco
560 1195 663 1260 soceri
689 1193 766 1260 luitl
811 1193 1011 1260 beatioresne
1040 1195 1121 1260 istos

97 1287 208 1371 putas,
237 1305 375 1369 quorum
404 1284 622 1369 pantomimae
652 1283 781 1350 deciens
809 1285 957 1350 sestertio
984 1283 1121 1369 nubunt,

98 1395 196 1458 quam
215 1370 413 1458 Scipionem,
436 1374 528 1439 cuius
550 1372 645 1439 liberi
667 1395 687 1437 a
709 1376 837 1458 senatu,
858 1377 967 1440 tutore
989 1394 1064 1458 suo,
1086 1374 1122 1439 in

98 1463 207 1528 dotem
236 1484 289 1529 aes
316 1484 414 1565 grave
436 1461 651 1565 acceperunt?
689 1461 882 1565 dedignetur
904 1463 1021 1566 aliquis
1043 1477 1154 1547 pau-‘1

52 1572 79 1615 ²⁶
98 1551 597 1725 tffilseltblbtlss
611 1551 1123 1726 subdidistis,

98 1728 224 1815 Regulo
256 1730 508 1813 mercennarius,
539 1728 689 1796 Menenio
720 1729 834 1814 funus,
865 1751 940 1796 cum
972 1730 1121 1796 omnibus

97 1818 163 1884 illis
191 1819 279 1904 quod
309 1817 417 1885 deerat
443 1818 516 1885 ideo
543 1818 710 1885 honestius
739 1821 925 1905 suppletum
957 1819 1023 1904 sit,
1045 1820 1122 1904 quia

99 1906 264 1975 defuerat?
309 1907 360 1973 his
397 1930 474 1996 ergo
507 1907 671 1975 advocatis
702 1931 770 1974 non
801 1912 928 1974 tantum
960 1912 1032 1975 tuta
1063 1912 1122 1994 est,

52 2019 81 2060 so
98 1997 155 2064 sed
177 1998 274 2064 etiam
297 1998 439 2084 gratiosa
461 2001 642 2085 paupertas.

187 2085 274 2153 XIll
311 2085 511 2172 Responderi
533 2091 653 2173 potest:
678 2086 772 2172 ‘quid
795 2087 968 2154 artificiose
990 2086 1053 2152 ista
1076 2086 1155 2156 di-1

98 2176 204 2260 ducis,
239 2199 322 2262 quae
358 2176 486 2263 singula
522 2177 674 2244 sustineri
709 2180 861 2262 possunt,
896 2177 1025 2243 conlate
1055 2198 1123 2243 non

98 2267 257 2351 possunt?
302 2266 512 2334 commutatio
542 2266 608 2334 loci
636 2266 815 2334 tolerabilis
841 2270 907 2352 est,
937 2266 966 2333 si
995 2269 1123 2333 tantum

98 2357 207 2423 locum
236 2360 355 2443 mutes3
386 2359 558 2442 paupertas
587 2357 766 2424 tolerabilis
793 2361 854 2441 est,
889 2356 918 2422 si
943 2355 1146 2444 ignominia.

53 2465 81 2508 es
99 2445 197 2531 absit,
219 2467 302 2530 quae
323 2446 377 2512 vel
399 2446 469 2513 sola
487 2445 668 2530 opprimere
687 2447 812 2512 animos
830 2444 934 2512 solet'
970 2444 1157 2512 adversusa

98 2535 199 2619 hunc,
227 2534 373 2620 quisquis
396 2557 448 2601 me
470 2535 630 2600 malorum
652 2534 748 2601 turba
769 2534 916 2620 terrebit,
941 2533 994 2600 his
1016 2535 1123 2600 verbis

99 2623 255 2690 utendum
282 2623 357 2691 erite
384 2624 412 2690 si
439 2628 552 2691 contra
578 2646 677 2689 unam
705 2623 884 2708 quemlibet
911 2627 1036 2709 partem
1058 2623 1123 2691 for·

99 2717 197 2780 tunae
220 2713 298 2781 satis
321 2713 382 2780 tibi
403 2713 529 2780 roboris
552 2719 615 2798 est,
637 2713 723 2779 idem
746 2713 898 2780 adversus
922 2714 1028 2779 omnis
1051 2715 1122 2780 erit.

100 2824 174 2869 cum
197 2804 296 2869 semel
318 2802 462 2869 animum
483 2803 587 2870 virtus
610 2802 789 2886 induravit,
814 2802 957 2887 undique
979 2803 1123 2869 involare

54 2911 82 2952 so
99 2891 234 2957 rabilem
260 2895 410 2977 praestet.
457 2891 485 2958 si
512 2891 646 2958 avaritia
674 2891 810 2975 dimisit,
841 2891 1124 2958 vehementissima

100 2979 226 3067 generis
248 2980 383 3046 humani
404 2981 519 3066 pestis,
541 3002 665 3047 moram
688 2981 750 3047 tibi
772 2981 906 3047 ambitio
928 3002 997 3047 non
1009 2980 1124 3067 .faciet;

190 3172 207 3228 1
231 3173 355 3246 ati„lius
373 3174 402 3230 A
423 3173 515 3245 (ati„l
532 3173 575 3229 A³
591 3175 624 3229 ic
640 3175 708 3244 ros.)
725 3173 736 3248 ΙΙ
754 3173 772 3230 4
789 3173 904 3244 puplice
923 3172 951 3228 A
968 3172 979 3247 11
996 3172 1014 3228 b
1032 3172 1123 3232 fuitne

101 3245 141 3300 ed.
161 3245 292 3312 Curionis
315 3245 373 3301 tuit
394 3261 430 3302 ne
448 3245 477 3301 A
499 3247 546 3316 (ne
564 3248 632 3302 Μ
648 3247 682 3301 s'n
699 3246 797 3317 lituo)
813 3245 832 3319 “ΙΙ
855 3245 874 3301 t
896 3244 1029 3317 ulsrario
1050 3244 1078 3300 A
1099 3247 1124 3316 (e

86 3317 184 3372 ⁴s'ro'ts‘o
200 3333 294 3374 cerm
311 3317 377 3373 odd.
390 3317 454 3384 sort.
469 3318 547 3386 Μ)
564 3316 575 3390 ΙΙ
591 3315 610 3372 8
624 3332 746 3386 aequum
759 3315 951 3372 mehercules
969 3319 1043 3400 pquu
1060 3315 1124 3370 her-

102 3386 178 3442 cules
192 3388 220 3444 A
237 3387 248 3462 ΙΙ
265 3387 301 3474 ,¹2
318 3387 511 3458 pantomimae
530 3390 561 3458 (n
578 3405 600 3444 a.
614 3404 639 3444 o.
653 3389 718 3444 odd.
733 3407 768 3444 m.
782 3392 811 3458 2)
824 3387 886 3514 Ap!
907 3386 943 3442 18
961 3385 1045 3443 hben
1062 3403 1083 3442 a.
1097 3403 1122 3442 o.

101 3459 166 3515 odd.
186 3465 219 3515 at
241 3458 401 3587 osd3A¹AE
421 3458 457 3514 15
480 3457 564 3514 clara
584 3458 627 3514 A¹
649 3459 728 3515 clara
745 3459 789 3516 A¹
811 3458 822 3532 ΙΙ
847 3458 866 3514 2
909 3457 991 3514 abest
1015 3457 1097 3514 Gerts
1114 3457 1124 3530 ll

100 3529 355 3601 reposcones
401 3535 458 3587 ests
475 3530 540 3587 cdd.
556 3531 586 3586 te
