2438 3846
137 162 202 229 338
333 159 364 215 u.
379 157 523 214 sonim
541 157 707 214 surmcm
725 157 821 212 nmo.
835 157 904 213 ms.
917 157 965 214 m.

101 323 192 373 ocos
219 303 287 371 veri
317 304 415 371 etium
446 303 566 370 invitos
597 303 817 388 compulisset.
863 302 941 369 sotis
966 302 1168 389 praestiterit

136 395 235 478 ratio,
255 393 282 461 si
301 393 338 458 'id
361 415 462 459 unum
484 414 524 458 ex
543 393 668 476 dolore,
691 393 779 478 quod
797 397 831 459 et
849 395 997 477 superest
1013 396 1047 458 et
1065 394 1166 460 ebun-

137 484 208 567 dot,
238 482 407 549 exciderit:
439 486 477 547 ut
509 481 639 566 quidem
670 482 798 547 nullum
829 481 962 547 omnino
992 503 1061 548 esse
1090 506 1167 549 eum

137 573 295 658 potietur,
323 593 384 638 nec
406 571 602 657 sperandum
624 571 686 636 ulli
707 593 768 637 nec
790 571 1084 656 concupiscendum
1108 576 1167 639 est.

137 661 225 735 bunc
255 660 365 746 potius
394 661 527 725 modum
555 663 676 743 servet,
707 661 764 745 qui
786 681 846 726 nec
868 659 1070 745 impietatem
1093 660 1167 727 imi-
1196 682 1207 723 s

137 754 225 816 tetur
246 771 307 816 nec
328 750 488 815 insanium
512 754 545 815 et
566 771 627 816 nos
650 750 746 815 ineo
769 752 879 815 teneat
900 748 1028 834 babitu,
1052 749 1110 835 qui
1133 755 1168 817 et

137 839 349 995 {lttttll
367 842 634 993 “istm
656 838 1167 1015 ltfl‘gtttffsttssff‘lt

352 977 362 1011 5

137 1017 224 1084 idem
247 1020 282 1084 et
303 1018 472 1101 finiuntur3
499 1017 547 1083 sic
569 1039 645 1104 rege
668 1018 812 1082 animum
835 1014 943 1101 tuum,
965 1020 1004 1083 ut
1026 977 1166 1104 et’sepi·

104 1108 268 1173 uentibus
299 1110 333 1173 ts
365 1106 543 1191 adprobare
574 1106 680 1192 possis
712 1110 745 1172 et
776 1106 939 1172 iratribus.
986 1105 1093 1191 effice,
1130 1111 1168 1172 ut
1184 1129 1208 1168 ro

137 1196 324 1281 frequenter
352 1195 461 1261 fratris
490 1196 541 1260 tui
570 1195 760 1261 memoriam
790 1195 851 1261 tibi
880 1195 961 1261 vebs
990 1217 1169 1281 occurrere,

138 1289 176 1350 ut
202 1286 297 1352 illum
325 1288 359 1350 et
385 1285 588 1350 sermonibus
616 1285 759 1350 celebres
781 1289 815 1350 st
837 1284 972 1351 adsidue
993 1285 1168 1352 recordati-

138 1396 203 1439 one
220 1377 441 1458 repraesentes
460 1373 535 1458 tibi,
554 1373 642 1459 quod
660 1375 707 1438 ite
721 1373 851 1440 demum
866 1374 1021 1458 consequi
1034 1375 1168 1459 poteris,

139 1464 167 1528 si
190 1463 252 1529 tibi
274 1463 464 1530 memoriam
488 1463 556 1529 eius
579 1462 754 1529 iucundam
776 1464 881 1549 magis
905 1484 1002 1548 quem
1026 1463 1169 1530 flebilem

138 1552 267 1637 feceris3
299 1553 447 1618 naturale
479 1557 529 1618 est
556 1553 657 1636 enim,
688 1557 726 1618 ut
754 1574 882 1637 semper
908 1552 1034 1618 enimus
1061 1552 1102 1618 ab
1129 1575 1168 1620 eo
1186 1575 1210 1616 ιι

104 1658 120 1706 8
139 1641 295 1728 refugiet,
317 1641 358 1708 ed
381 1641 469 1728 quod
492 1663 566 1706 cum
589 1641 723 1707 tristitie
743 1643 925 1707 revertitur.
971 1641 1081 1728 cogite
1099 1665 1169 1708 mo·

140 1731 275 1797 destiem
306 1732 391 1816 eius,
421 1731 530 1817 cogite
559 1732 594 1796 in
623 1731 720 1797 rebus
750 1730 883 1818 agendis
911 1732 1103 1816 sollertium,
1133 1733 1170 1797 in

140 1820 335 1904 exequendis
385 1819 594 1904 industriam,
642 1821 678 1886 in
727 1820 895 1905 promissis
941 1822 1168 1887 constantiam.

140 1909 249 1974 onmia
279 1909 365 1975 dicte
393 1911 462 1975 eius
493 1930 530 1976 oc
557 1909 643 1976 fecte
670 1913 704 1976 et
730 1911 802 1975 eliis
830 1932 955 1995 expone
983 1913 1016 1975 et
1038 1910 1170 1977 tibimet

134 1999 210 2082 ipse
238 2020 452 2070 conmemoru
490 1998 712 2082 quelis'fuerit
731 2000 839 2086 cogite
858 1997 1026 2083 qualisque
1046 2000 1211 2085 sperarim

140 2088 296 2171 potuerit:
325 2087 403 2171 quid
430 2088 517 2152 enim
547 2088 586 2153 de
613 2088 670 2153 illo
698 2111 765 2153 non
793 2092 865 2153 tuto
894 2088 1046 2172 sponderi
1068 2088 1170 2155 fratre

141 2177 273 2260 posset?

106 2279 121 2327 9
231 2264 335 2349 Haec,
357 2269 533 2350 utcumque
551 2266 660 2350 potui,
681 2265 781 2352 longo
800 2266 866 2331 iem
885 2267 951 2331 situ
969 2266 1117 2332 obsoleto
1137 2271 1171 2333 et

141 2353 292 2420 hebetato
316 2355 424 2419 animo
448 2356 626 2439 composui.
672 2376 755 2439 quae
778 2356 806 2420 si
829 2359 886 2420 cut
903 2377 1018 2440 perum
1037 2377 1170 2441 respon·

142 2442 217 2508 dere
240 2443 370 2529 ingenio
394 2448 451 2509 tuo
476 2449 532 2509 aut
555 2467 669 2528 parum
693 2443 814 2510 mederi
837 2445 942 2510 dolori
965 2445 1171 2529 videbuntur,
1187 2466 1211 2507 ss

143 2532 264 2618 cogita,
287 2554 385 2616 quam
407 2555 475 2598 non
497 2535 602 2618 possit
624 2535 652 2598 is
671 2534 794 2599 alienae
812 2555 925 2600 vacere
944 2535 1171 2619 consolationi,

233 2741 249 2797 1
273 2760 320 2799 eos
343 2743 458 2813 neree)
482 2743 569 2798 etiem
592 2743 698 2797 inuitos
718 2743 900 2812 compulisset
915 2742 959 2799 A¹
976 2751 1009 2799 ut
1026 2745 1083 2799 oid.
1099 2746 1127 2800 V
1144 2751 1170 2800 et

142 2815 221 2884 colo,
245 2816 304 2870 cisi
327 2815 400 2884 quod
424 2815 483 2869 veri
507 2816 600 2882 bobo,
625 2815 698 2885 quod
721 2817 804 2869 etiam
826 2817 858 2869 in
875 2814 919 2871 A¹
940 2816 1027 2883 fcisse
1045 2817 1101 2871 oid.
1121 2832 1169 2870 eos

142 2901 241 2940 uerum
260 2886 347 2941 etium
367 2903 414 2954 eos
433 2885 742 2955 inuitos'compulisset
754 2887 783 2940 B
801 2902 899 2941 uerum
918 2887 1006 2941 etiem
1027 2902 1075 2941 eos
1094 2904 1170 2942 com·

142 2956 263 3024 pulisset
280 2957 386 3012 inuitos
402 2959 437 3013 Η
439 2957 466 3012 G
483 2963 510 3012 et
527 2957 582 3012 duo
603 2957 717 3012 Gruteri
734 2973 832 3012 uerum
851 2958 939 3013 etiem
953 2974 1000 3012 sos
1016 2958 1170 3027 compellet

144 3028 280 3098 (complet
294 3029 334 3098 D)
348 3029 454 3083 inuitos
468 3029 532 3084 DE
547 3026 557 3100 {l
575 3029 680 3084 trotio
696 3028 780 3098 (A¹.2)
790 3027 895 3084 DEB²
908 3029 999 3084 oretio
1014 3030 1170 3102 B¹GHVll

143 3099 161 3153 5
185 3099 364 3168 impietatem
388 3101 411 3156 0
435 3099 571 3169 pietatem
590 3101 619 3155 A
645 3101 694 3169 qui
717 3117 815 3155 rursus
839 3102 940 3170 inopie
961 3118 981 3155 a
1002 3102 1092 3156 verbis
1116 3118 1170 3157 nee

143 3171 281 3239 pietatem
300 3171 428 3227 imitetur
450 3171 460 3243 ll
483 3172 498 3227 7
518 3174 612 3226 motae
627 3170 755 3227 DEGV
772 3173 877 3236 imotoe
890 3173 918 3226 Β
941 3174 1020 3226 motu
1034 3173 1071 3227 Η
1089 3189 1124 3228 ec
1141 3175 1170 3229 A

143 3243 283 3312 scripture
300 3249 409 3298 tantum
427 3243 478 3298 litt.
492 3245 506 3297 t
541 3250 678 3312 apparent
696 3245 806 3298 emotus
821 3245 978 3299 Pincianus
989 3243 1000 3316 ll
1017 3243 1035 3298 8
1054 3243 1077 3298 b
1096 3246 1169 3300 desi-

144 3316 215 3370 nunt
233 3315 262 3370 A
285 3314 418 3369 desinent
435 3258 561 3369 BHdV
581 3315 669 3369 etiem
693 3314 826 3370 desinent
845 3315 908 3370 DE
933 3315 936 3386 l
962 3315 1085 3385 gemitus
1104 3333 1171 3386 pee-

144 3387 206 3440 tore
228 3386 291 3441 AV
311 3387 426 3456 pectore
453 3386 576 3456 gemitus
607 3387 630 3442 0
655 3387 666 3459 ll
693 3387 727 3441 11
754 3402 898 3441 occurrere
924 3387 947 3441 0
974 3401 1088 3443 occurre
1109 3391 1139 3443 A
1161 3387 1172 3460 Η

140 3456 180 3510 22
193 3459 295 3525 posset
313 3459 340 3514 A
359 3465 392 3513 ut
408 3458 463 3512 oid.
478 3458 510 3512 E
533 3459 621 3514 ‘vetus
644 3458 723 3514 lectio
741 3460 888 3514 Pinciani’
911 3458 1002 3526 possit
1017 3458 1142 3514 BDHG
1161 3468 1171 3522 ΙΙ

125 3525 171 3578 26
185 3543 294 3584 necere
316 3531 342 3587 0
363 3545 474 3602 ungere
488 3531 517 3589 A
