2438 3846
116 164 159 230 70
312 162 342 216 E.
357 161 500 215 ANNAEI
518 159 684 216 sEEEoAE
702 160 797 214 nnn.
813 159 880 214 Eis.
896 159 942 214 111.

79 323 95 373 8
114 307 346 393 magnitudinis
368 308 479 390 fidem,
503 308 693 390 eloquentur
712 305 847 389 aliquid,
867 305 953 389 quod
971 310 1008 370 tu
1026 306 1138 391 magni

114 397 217 462 animi
246 400 353 481 putes,
385 397 468 461 sicut
496 393 528 459 O.
545 393 672 479 Caesar,
704 396 760 479 qui
790 396 889 459 iratus
920 397 1020 478 caelo,
1050 395 1137 480 quod

115 489 353 570 opstreperetur
382 485 605 568 pantomimis,
635 506 716 569 quos
746 484 934 549 imitabatur
962 485 1137 551 studiosius

116 598 212 660 quam
245 574 423 658 spectabat,
456 573 607 658 quodque
637 574 828 638 comessatio
859 596 917 638 sua
946 573 1137 639 fulminibus

115 668 286 729 terreretur
310 700 353 710 -
375 685 508 748 prorsus
532 684 647 747 parum
670 663 765 728 certis
791 699 832 710 -
857 661 897 727 ad
920 685 1063 748 pugnam
1082 685 1138 727 vo·
1170 680 1183 721 s

116 754 201 819 cavit
218 751 328 818 lovem
347 756 380 816 et
399 751 528 836 quidem
547 753 616 816 sine
634 753 801 836 missione,
819 750 1029 817 Homericum
1043 752 1137 816 illum

116 843 296 907 exclamans
320 863 462 907 versum:
1072 839 1074 843 ’

433 960 514 1031 Ἤμ’
537 959 643 1030 ἀνάειρ’
665 959 683 1032 ἢ
702 960 755 1032 ἐγὼ
776 958 814 1016 σέ.

80 1075 236 1155 squanta
266 1071 426 1136 dementia
454 1072 530 1136 fuit!
576 1072 703 1155 putavit
733 1075 790 1136 aut
816 1071 879 1136 sibi
900 1071 1011 1136 noceri
1033 1093 1074 1134 ne
1098 1071 1138 1136 ab

114 1159 191 1226 Iove
223 1161 353 1245 quidem
385 1183 480 1245 posse
513 1164 569 1237 aut
601 1184 634 1225 se
663 1182 779 1226 nocere
809 1161 906 1226 etiam
935 1158 1007 1225 Iovi
1034 1182 1137 1244 posse.
1158 1180 1185 1220 ιο

115 1248 182 1315 non
213 1255 292 1335 puto
325 1272 440 1334 parum
472 1250 628 1315 momenti
660 1251 744 1315 hanc
776 1250 844 1315 eius
876 1270 989 1314 vocem
1021 1248 1061 1314 ad
1092 1250 1139 1313 in·

116 1339 260 1405 citandus
283 1340 524 1405 coniuratorum
548 1343 670 1404 mentes
695 1339 868 1423 addidisse3
895 1339 1029 1403 ultimae
1052 1339 1139 1403 enim

115 1429 289 1513 patientiae
312 1429 418 1493 visum
441 1432 489 1493 est
513 1450 586 1493 eum
609 1429 705 1511 ferre,
732 1428 788 1510 qui
809 1426 920 1492 Iovem
942 1449 1010 1492 non
1032 1427 1138 1492 ferret.

81 1570 95 1620 1
204 1551 290 1617 XXI.
327 1551 422 1618 Nihil
449 1574 525 1638 ergo
554 1553 588 1616 in
613 1553 674 1636 ira,
696 1574 737 1617 ne
761 1573 835 1617 cum
858 1552 985 1616 videtur
1009 1551 1139 1635 quidem

115 1643 286 1708 vehemens
318 1644 350 1706 et
386 1641 462 1706 deos
498 1642 709 1725 hominesque
746 1641 938 1726 despiciens,
975 1662 1139 1726 magnum,
1159 1658 1184 1698 1⁵

115 1731 198 1795 nihil
215 1731 324 1796 nobile
343 1734 400 1795 est.
434 1734 496 1798 ,aut
514 1730 542 1795 si
560 1729 688 1795 videtur
707 1730 803 1795 alicui
821 1752 976 1815 magnum
995 1730 1140 1794 animum

115 1821 164 1885 ira
190 1819 379 1904 producere,
407 1819 554 1884 videatur
577 1823 609 1884 et
631 1820 760 1884 luxuria
788 1856 834 1865 —
864 1820 958 1884 ebore
989 1819 1141 1884 sustineri

115 1910 199 1993 vult,
217 1930 360 1994 purpura
378 1910 503 1992 vestiri,
522 1930 600 1973 auro
620 1909 700 1994 tegi,
719 1914 819 1973 terras
838 1908 1019 1991 transferre,
1038 1909 1141 1973 maria

117 1997 320 2082 concludere,
338 1998 473 2063 flumina
490 1997 715 2083 praecipitare,
728 2019 861 2063 nemora
876 1997 1068 2080 suspendore
1087 2034 1141 2081 -,

80 2086 263 2154 evidentur
292 2091 324 2152 et
353 2087 488 2152 avaritia
517 2088 628 2172 mcgni
651 2087 750 2151 animi
779 2124 824 2133 -
854 2087 975 2152 acervis
999 2087 1069 2151 curi
1093 2110 1141 2150 ar-
1160 2104 1187 2144 ro

117 2179 269 2265 gentique
287 2176 420 2243 incubat
438 2180 471 2241 et
489 2176 729 2261 provinciarum
747 2176 932 2241 nominibus
952 2197 1049 2261 agros
1062 2177 1142 2240 colit

117 2270 150 2332 et
177 2267 236 2332 sub
264 2266 400 2352 singulis
429 2267 534 2332 vilicis
557 2266 689 2331 latiores
712 2265 811 2330 habet
833 2267 913 2330 fines
938 2286 1035 2348 quam
1059 2287 1140 2349 quos

81 2357 264 2423 sconsules
298 2355 515 2421 sortiebantur
551 2393 604 2439 —,
641 2355 788 2419 videatur
824 2359 856 2420 et
890 2354 994 2419 libido
1030 2355 1141 2439 magni

117 2447 217 2511 animi
239 2481 283 2492 -
305 2449 453 2510 transnat
474 2445 570 2528 freta,
593 2466 767 2528 puerorum
790 2466 903 2530 greges
927 2447 1058 2526 castrat,
1081 2445 1140 2508 sub

117 2533 261 2622 gladium
285 2535 393 2599 mariti
416 2535 506 2599 venit
528 2537 631 2598 morte
656 2537 841 2616 contempta
865 2570 916 2616 -,
940 2533 1086 2596 videatur
1109 2536 1142 2596 et
1160 2550 1187 2590 2⁵

117 2624 252 2690 ambitio
283 2623 393 2711 magni
420 2624 520 2688 animi
550 2660 593 2670 —-
623 2645 690 2688 non
718 2626 767 2687 est
790 2626 941 2688 contenta
963 2622 1140 2687 honoribus

206 2780 225 2837 8
243 2781 327 2838 Hom.
344 2782 380 2836 11.
398 2785 495 2837 '15721

206 2887 332 2943 2animi
354 2889 419 2943 add.
439 2887 522 2954 Gertz
544 2886 606 2957 (cfr.
626 2888 693 2942 diat.
709 2887 754 2942 VI
769 2891 813 2955 16,
825 2888 853 2955 4)
879 2886 996 2955 spiritus
1017 2886 1142 2954 praefert

118 2960 198 3015 chlt
216 2959 323 3027 ingenii
337 2960 478 3015 Rossbach
496 2959 618 3028 pectoris
635 2959 743 3013 Hosius
761 2959 802 3027 (p.
818 2962 861 3024 77,
870 2959 898 3024 2)
921 2957 924 3027 1
945 2975 972 3026 g.
992 2973 1072 3028 cesar
1086 2958 1113 3011 A
1131 2956 1142 3029 ΙΙ

115 3031 134 3084 8
153 3032 363 3099 opstreperetur
375 3032 403 3087 A
422 3028 598 3100 obstreperet
612 3029 639 3083 L
657 3035 684 3084 et
700 3030 769 3099 volp.
792 3027 802 3098 ll
823 3026 843 3082 4
861 3029 1028 3083 comessatio
1043 3029 1070 3082 A
1089 3029 1140 3095 cfr.

117 3101 184 3156 dial.
201 3103 269 3157 XII
281 3107 324 3168 10,
334 3106 367 3168 9;
385 3118 425 3170 ep.
441 3107 512 3169 ont
528 3101 543 3227 p
558 3101 576 3155 b
589 3098 753 3155 turbaretur
767 3100 875 3154 Hosius
887 3099 897 3172 ll
915 3099 1028 3153 Scerba
1041 3116 1142 3169 praeca

117 3174 238 3230 restituit
261 3174 357 3228 Muret
384 3179 409 3227 et
436 3173 480 3227 ‘in
506 3174 527 3227 li
544 3188 575 3226 ro
600 3172 694 3228 Siculo
719 3173 761 3226 itu
784 3172 1018 3241 placepmnibus
1044 3172 1142 3225 titteris

117 3246 249 3313 scrtptum
272 3244 323 3299 est'
349 3244 435 3299 addit.
460 3243 810 3298 HMANAPENEFstGE
832 3244 859 3297 A
886 3239 896 3314 ll
923 3241 957 3295 21
981 3243 1141 3309 provincias

118 3313 279 3370 nominibus
303 3331 435 3385 agrorum
459 3315 500 3369 W.
517 3315 623 3370 Gentolt
646 3317 716 3369 cont.
738 3313 752 3416 11
773 3313 810 3368 23
829 3313 961 3367 uideatur
979 3313 1021 3368 A¹
1047 3314 1087 3380 (ui
1110 3314 1142 3366 ia

118 3390 185 3453 ras.)
207 3386 218 3458 Η
241 3385 277 3441 25
299 3387 379 3440 uenit
397 3388 487 3440 morte
501 3386 543 3442 A¹
561 3387 608 3441 sed
625 3403 696 3440 uxor
709 3388 737 3440 A
769 3387 801 3439 in
820 3402 904 3455 marg,
920 3385 1008 3439 adcor.
1032 3391 1058 3438 et
1077 3391 1143 3452 post

114 3457 198 3508 uenit
214 3459 389 3512 inserendum
408 3474 462 3512 esse
479 3458 661 3527 stpsificacit;
678 3458 782 3524 falsum
800 3458 1070 3525 interpretamentum
1087 3473 1142 3511 esse

96 3524 242 3578 satellem
259 3527 348 3582 Gertz
