2438 3846
117 167 184 234 244
311 165 340 220 n.
355 164 498 219 Annam
516 162 681 218 sunnam
699 149 795 219 nist.
811 162 878 217 ma.
892 161 940 218 ui.

119 333 200 395 quae
229 309 349 375 nullius
385 309 540 376 convivae
570 310 681 376 oculos
712 330 772 375 nac
799 310 968 394 voluptate
995 313 1141 375 moretur

81 415 99 465 8
117 421 178 466 nec
200 399 352 464 accendat
374 398 502 464 invidia.
540 395 614 465 cum
636 398 718 464 bene
740 400 803 463 ista
820 399 1028 482 placuerunt,
1049 420 1142 482 prae·

69 489 71 494 ’
119 488 250 575 stringit
283 489 427 554 animum
460 493 633 574 apparatus
663 487 799 554 alieuius
828 488 1036 574 paedagogii,
1070 487 1142 553 dili·

118 578 246 664 gentius
271 599 367 661 quam
389 577 425 642 in
447 578 567 643 tralatu
589 576 707 643 vestita
725 580 758 642 et
776 599 854 642 auro
874 577 961 642 culta
978 577 1142 662 mancipia

119 669 152 731 et
180 688 298 753 agmen
328 687 494 732 servorum
515 665 702 750 nitentium,
730 666 796 731 iam
819 666 933 731 domus
952 666 1054 732 etiam
1078 688 1142 751 qua
1171 685 1183 726 o

119 757 262 821 calcatur
288 757 430 840 pretiosa
457 760 489 821 et
517 756 637 822 divitiis
665 778 723 840 per
750 776 861 821 omnes
890 754 1026 842 angulos
1050 755 1141 822 dissi·

118 844 203 930 patis
233 849 319 910 tecta
345 845 417 930 ipsa
443 843 602 931 fulgentia
628 848 660 910 et
688 843 869 910 adsectator
891 865 1064 929 comesque
1086 866 1142 929 pa-

119 933 345 999 trimoniorum
372 934 575 1018 pereuntium
598 934 753 1019 populus3
781 933 858 1018 quid
881 933 1078 1019 perlucentis
1101 934 1142 998 ad

119 1022 222 1087 imum
258 1043 357 1106 aquas
394 1025 427 1089 et
463 1022 721 1089 circumfluentes
757 1024 829 1108 ipsa
865 1023 1027 1108 convivia,
1064 1022 1142 1107 quid

84 1112 231 1197 aepulas
259 1112 376 1196 loquar
398 1133 513 1178 scaena
535 1134 594 1178 sua
616 1112 751 1198 dignas?
797 1111 1005 1177 circumfudit
1026 1134 1080 1177 me
1103 1134 1143 1198 ax
1160 1131 1185 1172 ιο

119 1202 219 1288 longo
261 1201 457 1287 frugalitatis
498 1201 569 1267 situ·
603 1201 785 1267 venientem
827 1202 930 1267 multo
972 1202 1142 1287 splendore

120 1291 249 1355 luxuria
272 1295 305 1355 et
326 1290 469 1375 undique
492 1291 736 1356 circumsonuit:
759 1290 893 1375 paulum
911 1289 1030 1372 titubat
1049 1291 1144 1375 acies,

120 1377 248 1444 facilius
275 1379 427 1444 adversus
457 1379 547 1444 illam
577 1379 721 1444 animum
754 1399 850 1462 quam
879 1380 990 1445 oculos
1013 1380 1144 1463 attollo;

120 1468 235 1533 recedo
266 1469 376 1553 itaque
399 1490 474 1533 non
500 1468 604 1553 peior,
641 1468 695 1534 sed
723 1468 861 1552 tristior,
897 1490 958 1534 nec
979 1468 1066 1534 inter
1087 1469 1144 1534 illa

121 1557 238 1623 frivola
268 1580 338 1623 mea
365 1561 432 1623 tam
456 1558 540 1622 altus
563 1558 677 1623 incedo
700 1558 881 1642 tacitusque
904 1577 1032 1624 morsus
1056 1557 1145 1624 subit
1162 1577 1187 1618 rs

122 1650 154 1711 et
183 1647 356 1729 dubitatio,
384 1646 542 1730 numquid
570 1648 627 1712 illa
649 1647 783 1712 meliora
806 1648 884 1712 sint:
913 1647 997 1712 nihil
1025 1647 1145 1713 horum

70 1750 103 1801 ιο
122 1759 173 1801 me
200 1741 318 1819 mutat,
346 1736 430 1801 nihil
456 1740 565 1801 tamen
590 1758 658 1801 non
684 1734 837 1803 concutit.
887 1737 994 1822 placet
1020 1736 1146 1820 inperia

47 1883 49 1888 .
122 1830 366 1911 praeceptorum
397 1826 489 1909 sequi
519 1829 552 1890 et
578 1825 613 1888 in
639 1825 778 1891 mediam
804 1827 851 1891 ire
873 1840 942 1891 rem
965 1825 1146 1911 publicam

122 1915 228 1998 placet
245 1915 384 1980 honores
402 1915 563 1998 fascisque
581 1935 647 1978 non
667 1914 790 1980 scilicet
807 1937 951 2000 purpura
969 1918 1026 1980 aut
1043 1915 1145 2002 virgis

123 2004 297 2069 abductum
327 2026 505 2088 capessere,
535 2003 591 2068 sed
620 2006 658 2068 ut
688 2004 798 2070 amicis
829 2004 1085 2090 propinquisque
1113 2007 1147 2069 et
1164 2025 1190 2066 ao

124 2093 273 2158 omnibus
301 2094 440 2176 civibus,
468 2092 617 2157 omnibus
634 2091 761 2158 ,deinde
790 2094 979 2159 mortalibus
1003 2093 1148 2178 paratior

123 2182 298 2267 utiliorque
321 2182 390 2249 sim.
436 2186 619 2267 promptus,
644 2181 843 2266 compositus
867 2205 985 2268 sequor
1005 2183 1148 2267 Zenona,

125 2269 314 2354 Cleanthen,
342 2269 571 2354 Chrysippum,
599 2290 737 2354 quorum
756 2275 874 2335 tamen
895 2293 991 2336 nemo
1014 2270 1147 2336 adrem

72 2373 103 2422 11
124 2361 287 2444 publicam
318 2360 465 2442 accessit,
499 2363 531 2423 et
559 2379 655 2424 nemo
685 2381 752 2424 non
783 2359 881 2425 misit
932 2359 990 2425 ubi
1009 2361 1148 2445 'aliquid

125 2450 268 2514 animum
290 2449 457 2514 insolitum
482 2447 609 2512 arietari
627 2448 799 2532 percussit,
821 2450 877 2514 ubi
896 2449 1018 2535 aliquid
1037 2471 1148 2515 occur·
1167 2469 1192 2510 as

125 2537 168 2604 rit
191 2543 247 2603 aut
269 2537 451 2624 indignum,
475 2541 512 2601 ut
534 2536 569 2601 in
588 2538 677 2602 omni
695 2538 762 2603 vita
779 2538 922 2604 humana
940 2540 1043 2604 multa
1062 2542 1149 2623 sunt,

125 2633 181 2693 aut
212 2649 326 2713 parum
354 2649 394 2691 ex
420 2625 508 2691 facili
531 2627 649 2710 fluens,
677 2629 734 2691 ant
755 2629 895 2692 multum
917 2628 1073 2712 temporis
1095 2649 1148 2694 res

215 2838 251 2892 22
271 2840 371 2893 Zenon.
385 2837 422 2904 fr.
438 2840 491 2892 170
509 2837 604 2890 Peara.
620 2837 670 2904 cfr.
685 2836 754 2892 dial.
770 2838 849 2892 VIII
864 2843 890 2906 3,
904 2842 924 2893 2

215 2962 443 3032 dpaedagogis·
464 2960 540 3029 peda
561 2960 622 3029 ogit
642 2961 695 3030 (vel
711 2960 884 3032 pedagogia)
899 2964 927 3018 A
949 2963 959 3036 ll
981 2962 1016 3017 11
1036 2963 1092 3015 situ
1106 2962 1151 3017 A¹

127 3037 248 3106 (oirqalc
261 3041 357 3104 posteo
375 3050 455 3088 erasa
474 3034 521 3102 eat)
540 2977 603 3104 lili
618 3048 671 3101 pro
689 3049 753 3087 mea
771 3051 795 3088 v.
810 3035 859 3088 der
874 3035 949 3089 Vliet
966 3036 1061 3088 mente
1078 3035 1149 3089 deai-

127 3109 206 3165 derat
229 3107 239 3178 ll
264 3105 300 3160 16
321 3122 396 3159 nuno
418 3104 487 3174 quid
507 3104 535 3159 A
558 3120 627 3158 corr.
646 3104 714 3175 vaip.
740 3103 750 3176 ll
776 3104 808 3159 l's'
828 3122 885 3160 non
903 3108 1000 3160 tamen
1019 3104 1061 3159 A¹
1079 3123 1149 3161 corr.

126 3197 161 3234 m.
175 3183 195 3233 2
216 3179 219 3248 l
240 3176 359 3246 imperia
376 3177 592 3245 praeceptorum
608 3175 691 3231 Gertz
709 3176 936 3246 inpreceptorum
950 3177 978 3231 A
992 3175 1059 3231 inde
1073 3178 1151 3231 viam

80 3260 83 3266 ⁴
127 3253 343 3320 praeceptorum
365 3248 463 3304 Haase
493 3248 568 3301 riam
598 3250 815 3316 praeceptorum
845 3249 964 3318 llIadva'q
994 3251 1151 3317 praecepta

128 3325 286 3377 nostrorum
310 3321 389 3375 Koch
415 3319 425 3391 ll
450 3318 486 3373 22
513 3320 661 3388 promptus
690 3321 860 3389 compositus
883 3332 901 3373 ς
926 3321 1151 3392 promptuslsim

128 3396 238 3464 positus
256 3393 285 3448 A
308 3391 318 3463 li
343 3391 379 3445 24
397 3390 420 3445 dc
438 3407 519 3445 nemo
538 3394 566 3446 A
589 3398 673 3446 reete:
697 3395 726 3447 et
739 3418 766 3437 =
780 3394 809 3446 et
826 3394 924 3446 tamen
942 3393 992 3460 cfr.
1010 3393 1094 3448 Gertz
1112 3393 1152 3447 ed

122 3467 192 3520 ιίίαῖ,
211 3466 273 3520 III
285 3467 310 3530 3,
326 3469 343 3517 4
362 3465 438 3534 (paq.
454 3466 537 3531 55,1)
556 3464 589 3515 ut
606 3478 688 3516 nemo
705 3463 787 3518 Gertz
806 3466 835 3517 et
852 3463 921 3533 vulp.
937 3481 988 3519 om.
1006 3464 1017 3536 ll
1034 3463 1071 3518 25
1089 3465 1152 3519 ani-

109 3551 190 3588 mam
209 3535 363 3590 insolitum
384 3536 455 3610 culp.
476 3535 604 3592 animam
622 3534 768 3590 insolitam
783 3535 810 3589 A
826 3533 840 3606 ll
853 3534 888 3590 27
908 3549 984 3591 ress
1002 3534 1041 3605 rej
1058 3536 1086 3591 A
