2438 3846
394 148 443 203 DE
462 148 526 203 IRA
544 148 611 204 LIB.
626 148 672 204 111.
707 148 816 205 0de
1051 154 1113 220 lll

94 298 228 360 conatus
251 316 386 382 magnos
410 295 538 381 pigrum
562 295 762 380 inertemque
785 295 864 362 lieri.
899 297 1150 364 necessariumr

94 388 143 450 est
174 386 284 468 itaque
315 385 501 451 foeditatem
533 384 601 450 eius
632 406 669 450 ac
697 385 858 451 feritatem
887 407 1059 472 coarguere
1083 390 1115 452 et

93 476 167 538 ante
195 474 307 539 oculos
334 496 453 559 ponere
477 476 635 558 quantum
654 474 791 540 monstri
814 475 857 540 sit
879 475 977 540 homo
1001 475 1036 540 in
1058 475 1115 541 ho·

93 563 212 629 minem
235 563 344 629 furens
364 566 549 648 quantoque
569 563 694 648 impetu
710 567 785 628 ruat
802 585 869 629 non
887 565 956 630 sine
974 565 1115 650 pernicie

62 670 151 717 esua
173 652 373 737 perniciosus
396 656 428 718 at
451 675 489 718 ea
511 652 705 738 deprimens,
729 673 810 736 quae
833 654 936 741 mergi
958 654 1022 719 nisi
1041 675 1114 720 cum

93 746 257 828 mergente
279 764 346 807 non
368 746 513 826 possunt.
559 741 637 826 quid
665 741 765 829 ergo?
809 763 923 807 sanum
949 742 1151 810 bancalia

94 830 165 916 quis
193 834 301 915 vocat,
328 832 384 916 qui
407 833 496 897 velut
517 835 709 917 tempestate
733 835 898 917 correptus
920 853 987 897 non
1010 831 1037 897 it
1059 831 1115 898 sed

94 920 200 1006 agitur
232 924 264 986 et
295 919 416 986 furenti
447 921 532 986 malo
563 921 676 1004 servit,
706 942 767 988 neo
796 920 928 987 mandat
956 921 1114 987 ultionem

93 1030 198 1093 suam,
230 1009 286 1075 sed
318 1011 387 1095 ipse
419 1010 487 1076 eius
520 1013 650 1076 exactor
682 1010 790 1076 animo
822 1010 919 1077 simul
949 1031 986 1076 ac
1017 1032 1115 1076 manu

48 1119 75 1160 ro
93 1098 195 1164 saevit
212 1099 452 1166 carissimorum
470 1120 647 1185 eorumque
661 1120 743 1183 quae
757 1122 835 1165 mox
849 1099 967 1166 amissa
980 1099 1115 1165 fleturus

93 1192 141 1254 est
164 1189 329 1255 carnifex?
372 1190 460 1256 hunc
484 1190 602 1275 aliquis
626 1189 775 1255 affectum
798 1189 912 1255 virtuti
935 1189 1152 1256 adiutorama

93 1279 307 1363 comitemque
330 1278 385 1343 dat
407 1279 556 1362 consilia,
578 1279 648 1345 sine
666 1279 782 1364 quibus
801 1277 903 1345 virtus
921 1278 1005 1344 nihil
1024 1278 1116 1365 gerit,

93 1366 341 1433 obturbantem?
392 1367 529 1434 caducae
559 1369 771 1453 sinistraeque
801 1371 877 1433 sunt
904 1368 988 1433 vires
1020 1372 1051 1433 et
1081 1368 1116 1433 in

92 1457 214 1522 melum
244 1478 339 1522 suum
368 1456 507 1541 validae,
536 1456 674 1541 inques
698 1479 831 1544 aegram
854 1458 987 1523 morbus
1010 1461 1042 1522 et
1065 1478 1115 1523 ac-

48 1564 74 1608 u
93 1547 194 1613 cessio
218 1544 326 1613 creuit.
366 1569 433 1613 non
456 1551 505 1613 est
527 1567 603 1633 ergo
628 1546 715 1632 quod
738 1568 790 1611 me
812 1550 906 1630 putes
929 1551 1057 1631 tempus
1081 1547 1151 1613 int

93 1637 299 1720 supervacuis
327 1657 529 1720 consumere,
554 1636 641 1721 quod
664 1637 759 1719 iram,
782 1637 874 1719 quasi
897 1634 1013 1701 dubiae
1036 1638 1115 1720 aput

92 1724 240 1790 homines
274 1726 435 1809 opinionis
468 1727 525 1809 sit,
556 1726 725 1809 infamem,
756 1747 830 1791 cum
863 1725 906 1790 sit
935 1724 1052 1810 aliquis
1084 1728 1116 1790 et

94 1813 223 1897 quidem
258 1815 297 1878 de
334 1814 522 1880 inlustribus
558 1815 778 1900 philosophis,
815 1815 871 1899 qui
908 1814 957 1879 illi
994 1813 1117 1879 indicat

95 1924 206 1988 operas
230 1907 263 1968 et
285 1906 451 1989 tamquam
474 1905 588 1969 utilem
609 1926 647 1970 ao
665 1905 798 1988 spiritus
817 1904 1115 1969 subministrantem

48 2012 75 2053 ro
93 1992 127 2057 in
159 1994 295 2078 proelia,
326 1994 361 2058 in
392 1997 482 2060 actus
515 2016 636 2076 rerum,
668 1993 709 2058 ad
744 2015 852 2076 omne,
889 1990 1116 2077 quodcumque

94 2083 200 2148 calore
232 2084 340 2168 aliquo
374 2082 547 2171 gerendum
581 2086 642 2167 est,
673 2085 776 2148 vocet.
826 2104 867 2147 ne
897 2103 993 2167 quem
1023 2081 1151 2148 fallata

94 2176 259 2256 tamquam
283 2174 391 2258 aliquo
410 2177 568 2258 tempore,
588 2172 697 2257 aliquo
716 2172 789 2239 loco
808 2171 993 2257 profutura,
1011 2174 1116 2236 osten-

94 2261 197 2327 denda
226 2267 275 2328 est
304 2264 408 2329 rabies
438 2263 506 2328 eius
530 2261 683 2328 effrenata
706 2266 738 2326 et
761 2261 907 2326 adtonita
930 2263 1116 2344 apparatus-

94 2372 155 2435 que
192 2353 241 2416 illi
277 2352 456 2417 reddendus
493 2356 542 2418 est
578 2371 668 2435 suus,
705 2351 806 2416 eculei
839 2354 871 2415 et
902 2349 1051 2414 fidiculae
1083 2353 1116 2414 et

48 2459 74 2499 u
93 2442 255 2527 ergastula
284 2445 316 2507 et
345 2463 454 2507 cruces
485 2446 517 2507 et
546 2438 735 2507 circumdati
762 2438 897 2504 defossis
925 2438 1115 2522 corporibus

93 2529 184 2616 ignes
213 2535 244 2596 et
272 2531 426 2597 cadavera
448 2551 577 2615 quoque
602 2529 732 2596 trahens
755 2549 873 2612 uncus,
895 2528 984 2593 varia
1006 2529 1116 2593 vincu-

92 2620 198 2684 lorum
229 2641 360 2707 genera,
389 2621 478 2685 varia
504 2641 696 2704 poenarum,
722 2619 933 2685 lacerationes
956 2617 1116 2683 membro·

93 2731 179 2792 rum,
218 2710 443 2795 inscriptiones
484 2709 601 2775 frontis
638 2713 671 2775 et
706 2708 882 2774 bestiarum
924 2706 1114 2772 immanium

94 2821 220 2865 caveae:
261 2800 345 2865 inter
373 2800 453 2866 haec
483 2799 697 2864 instrumenta
723 2798 901 2864 collocetur
930 2795 979 2861 ira
1009 2794 1114 2861 dirum

47 2907 75 2948 ⁸0
94 2889 246 2972 quiddam
279 2892 375 2972 atque
404 2888 572 2955 horridum
602 2888 754 2971 stridens,
777 2886 927 2953 omnibus
950 2908 1008 2971 par
1033 2908 1114 2970 quae

93 2978 173 3044 furit
195 2979 335 3044 taetrior.

183 3169 198 3225 l
214 3171 389 3241 inertemque
402 3172 429 3226 L
445 3177 471 3227 et
485 3171 555 3242 volu.
570 3171 762 3238 inermemque
776 3171 804 3225 A
809 3191 820 3237 ;
833 3185 872 3224 on
886 3165 1092 3237 enervemque?
1105 3167 1116 3241 ΙΙ

93 3240 111 3297 8
129 3243 158 3297 st
176 3241 282 3296 furenti
301 3245 328 3299 L
346 3250 372 3300 et
389 3243 457 3314 volu.
478 3241 610 3298 efferenti
623 3244 651 3298 A
669 3240 679 3314 l!
696 3240 714 3296 9
733 3240 913 3312 manulfsquit
925 3241 954 3295 A
968 3242 1048 3310 (eras.
1064 3241 1088 3308 s)
1105 3247 1117 3302 ΙΙ

94 3312 129 3368 18
152 3313 339 3382 sinistraeque
362 3316 428 3370 sunt
449 3313 525 3368 uires
544 3315 573 3367 et
591 3315 618 3370 L
636 3320 668 3369 ut
684 3312 753 3384 volu.
774 3312 857 3367 sinist
888 3328 920 3379 q3
943 3313 1010 3365 aunt
1027 3309 1116 3364 uires·

94 3386 160 3438 sunt
173 3383 197 3438 a
210 3383 252 3439 A¹
266 3383 435 3458 sinistroque
448 3385 524 3440 uires
538 3387 605 3439 sunt
619 3384 642 3439 b
656 3383 698 3439 A⁶
710 3383 721 3456 ll
733 3382 770 3438 24
783 3382 906 3456 fiducuq
920 3384 948 3438 A
960 3381 971 3455 ΙΙ
984 3381 1020 3436 ab
1029 3380 1115 3454 llatq;

90 3453 256 3581 llorridr‘rhA
280 3457 354 3596 (ἕξις
374 3459 406 3513 in
423 3473 478 3514 raa
499 3457 618 3524 ntaiore;
641 3473 675 3513 erc
693 3453 891 3524 macrinum
912 3454 979 3510 boec
998 3457 1116 3510 rutam:

94 3540 196 3595 a.q..
231 3545 288 3583 orrr
307 3531 327 3580 d
