2438 3846
196 155 247 210 AD
265 153 437 212 usnemu
455 154 505 211 DE
524 152 803 210 consonuimus
822 153 899 211 CAP.
915 161 957 211 14.
973 162 1006 211 15
1050 159 1112 224 171

91 304 279 369 crescerent.
314 303 424 366 tamen
446 299 531 366 intra
552 300 684 366 tertium
708 299 793 364 diem
815 299 1023 384 imperatorie
1046 301 1117 367 obit

92 391 205 457 munia
226 394 260 456 et
281 393 349 455 tam
372 390 437 456 oito
462 389 607 455 dolorem
629 389 710 454 vioit
732 410 828 472 quam
852 391 962 456 omnia
982 391 1115 460 solebat.

182 478 255 545 XV.
284 477 369 556 Quid
391 479 528 545 aliorum
550 479 612 545 tibi
634 478 749 545 funera
768 477 938 545 Caesarum
956 479 1116 546 referam?
1136 501 1149 548 1

92 590 175 654 quos
204 568 239 634 in
267 568 331 634 hoe
357 567 439 634 mihi
461 568 590 634 videtur
615 569 745 634 interim
768 568 889 635 violare
911 568 1116 657 'fortunaput

61 660 139 724 osio
162 678 292 742 quoque
315 658 425 744 generi
447 658 589 723 humano
616 658 744 743 prosint
769 658 973 724 ostendentes
995 681 1036 724 ne
1060 680 1115 724 eos

93 746 238 832 quidem,
267 748 323 831 qui
352 746 401 812 die
429 747 531 833 geniti
554 746 695 830 deosque
719 748 861 832 genituri
883 746 1044 829 dieantur,
1069 748 1116 814 sio

92 858 185 902 suam
220 836 385 902 fortunam
422 836 457 901 in
493 839 653 922 potestate
689 836 807 902 habere
844 836 1115 920 quemadmodum

92 926 240 991 alienam.
293 926 385 991 divus
418 924 587 1013 Augustus
619 926 746 991 amissis
777 925 902 1010 liberis,
933 927 1150 1012 nepotibus,a

93 1016 249 1080 exhausta
272 1012 443 1081 Caesarum
471 1016 567 1081 turba
593 1015 767 1098 adoptione
795 1015 953 1081 desertam
983 1015 1116 1081 domum

47 1126 75 1166 ιο
92 1105 198 1170 fulsit:
220 1104 298 1169 tulit
318 1108 428 1170 tamen
451 1105 572 1188 (tem)
590 1105 719 1170 fortiter
742 1125 839 1188 quem
863 1105 954 1171 ouius
977 1105 1042 1170 iarn
1065 1127 1117 1170 res

93 1193 250 1280 agebatur
279 1196 434 1278 cuiusque
464 1195 603 1260 maxime
633 1195 786 1261 intererat
814 1194 852 1258 de
881 1194 930 1259 dis
953 1195 1116 1260 neminem

94 1284 193 1367 queri.
239 1282 288 1348 Ti.
310 1281 427 1349 Caesar
449 1287 482 1348 et
505 1306 601 1368 quem
625 1287 781 1369 genuerat
808 1287 841 1350 et
864 1305 961 1368 quem
985 1283 1152 1368 adopta-a

92 1375 183 1438 verat
214 1372 336 1456 amisit;
367 1372 436 1456 ipse
467 1376 578 1438 tamen
607 1394 666 1457 pro
697 1374 810 1439 rostris
840 1373 984 1439 laudavit
1011 1375 1115 1439 filium

93 1461 247 1546 stetitque
275 1461 311 1526 in
340 1466 515 1547 conspeetu
545 1463 652 1546 posito
681 1483 829 1547 corpore,
855 1462 1023 1528 interiecto
1047 1467 1117 1528 tan·

49 1569 75 1612 is
92 1550 262 1618 tummodo
291 1551 488 1634 velamento,
518 1551 605 1634 quod
634 1551 799 1636 pontificis
827 1552 939 1618 oeulos
962 1575 981 1617 a
1004 1552 1116 1628 funere

93 1643 229 1724 aroeret,
258 1643 292 1704 et
320 1639 418 1706 flente
446 1641 569 1726 populo
593 1639 741 1706 Romano
768 1661 836 1706 non
862 1640 954 1706 flexit
976 1642 1117 1724 vultum;

93 1728 323 1814 experiendum
355 1750 389 1795 se
422 1729 510 1795 dedit
542 1726 659 1796 Seiano
689 1729 730 1795 ad
758 1730 844 1795 latus
875 1730 988 1813 stanti,
1019 1752 1116 1814 quam

93 1819 253 1904 patienter
281 1823 392 1904 posset
421 1840 497 1885 suos
526 1819 667 1904 perdere.
713 1819 843 1900 uidesne
872 1822 994 1903 quanta
1023 1819 1151 1905 copias

92 1909 236 1974 virorum
264 1908 479 1975 maximorum
507 1909 564 1994 sit,
587 1930 668 1994 quos
691 1930 758 1975 non
781 1909 909 1993 excepit
930 1908 984 1974 hio
1008 1911 1117 1974 omnia

48 2020 76 2061 so
93 2002 299 2083 prosternens
330 2019 435 2082 ossus,
467 2001 499 2063 et
527 2019 609 2083 quos
631 2002 683 2064 tot
705 1998 804 2063 animi
827 1999 925 2080 bona,
952 2000 1004 2063 tot
1026 2020 1117 2063 orus-

95 2091 203 2153 mente
239 2088 368 2174 publice
403 2087 621 2173 privatimque
658 2091 870 2173 congesta..
899 2086 1012 2151 erant?
1061 2087 1117 2153 sed

93 2176 243 2243 videlieet
274 2177 301 2242 it
332 2177 367 2242 in
399 2178 509 2243 orbem
539 2178 603 2243 ista
631 2180 806 2260 tempestas
836 2181 868 2241 et
898 2179 967 2243 sine
997 2177 1117 2242 dileotu

93 2270 201 2332 vastet
229 2266 339 2332 omnia
367 2267 500 2353 agitque
526 2270 564 2333 ut
591 2287 656 2332 sua
703 2267 778 2332 iube
802 2266 947 2354 singulos
972 2266 1117 2333 conferre
1195 2268 1203 2274 '⁴

93 2355 266 2422 rationem:
288 2356 372 2423 nulli
394 2357 533 2443 contigit
554 2357 676 2442 inpune
698 2357 797 2423 nasei.

49 2465 75 2507 rs
183 2444 270 2524 XVL
312 2444 386 2511 Soio
418 2446 495 2530 quid
525 2446 626 2512 dieas:
668 2445 805 2511 ‘oblitus
834 2468 867 2510 es
897 2445 1051 2512 feminam
1084 2450 1151 2512 ter

94 2535 268 2620 consolari,
289 2536 432 2600 virorum
456 2535 555 2600 refers
580 2535 747 2619 exempla?
794 2536 865 2619 quis
896 2539 1004 2600 autem
1035 2534 1117 2600 dixit

94 2627 242 2689 naturam
265 2624 407 2712 maligne
430 2646 504 2690 oum
528 2625 700 2690 mulierum
724 2624 862 2709 ingeniis
882 2625 985 2710 egisse
1004 2627 1036 2690 et
1055 2624 1116 2689 rir-

183 2780 201 2835 6
218 2781 269 2849 cfr.
285 2783 361 2854 Ver-p.
376 2782 446 2838 Aeo.
461 2782 511 2838 IX
527 2786 583 2839 ⁶42

185 2888 200 2942 l
220 2892 377 2944 crescerent
397 2902 414 2943 s·
439 2891 577 2944 cresceret
595 2892 623 2943 A
648 2891 658 2962 ΙΙ
685 2890 720 2944 10
743 2891 839 2944 tamen
861 2891 922 2942 tam
941 2889 972 2943 F
990 2895 1023 2943 at
1044 2890 1115 2944 coni.

94 2959 178 3015 Gertz
195 2962 292 3016 tamen
305 2961 333 3015 A
351 2962 412 3015 tam
431 2961 551 3032 Madoip
572 2961 582 3033 ti
607 2960 642 3015 12
662 2961 700 3016 .T.
716 2960 801 3033 Cesar
816 2961 843 3014 A
864 2959 867 3032 i
889 2960 1027 3029 genuerat
1040 2960 1068 3014 A
1086 2964 1115 3029 (u

92 3033 124 3086 ia
143 3031 197 3099 fiae
215 3048 310 3088 ousae
326 3048 378 3088 ser.
392 3049 428 3088 m.
444 3038 460 3088 1
478 3034 511 3088 iu
527 3049 582 3088 rus.
598 3035 711 3103 maiore)
729 3032 739 3104 ii
759 3031 795 3087 18
812 3033 939 3100 possets
956 3031 1048 3101 possit
1061 3031 1089 3086 A
1106 3030 1117 3103 41

92 3101 130 3158 2⁰
148 3107 358 3173 prosternemus
375 3105 534 3174 prosternes
554 3105 594 3174 (es
612 3120 682 3160 eorr.
696 3105 728 3158 ia
747 3105 776 3158 et
793 3120 829 3158 m.
850 3106 933 3172 1-2)
951 3105 978 3158 A
1000 3103 1003 3174 i
1025 3117 1115 3156 casus.

93 3173 117 3229 da
136 3191 206 3243 quos
226 3216 255 3231 ..
274 3177 509 3245 congesta-erant
522 3176 550 3231 A
571 3181 671 3230 casus?
700 3178 728 3229 et
747 3191 803 3245 quo
819 3216 825 3228 .
841 3216 847 3228 .
863 3190 916 3229 eon
937 3177 997 3229 este
1017 3176 1116 3229 erant?

94 3247 214 3317 Madvig
239 3251 339 3301 casus?
371 3248 400 3301 et
423 3247 453 3301 in
476 3263 546 3316 quos
571 3288 603 3302 ..
628 3249 763 3317 congesta
786 3249 885 3301 erant?
940 3245 989 3300 oet
1016 3252 1116 3300 casus?

94 3317 176 3385 atqui
193 3317 229 3373 iis
249 3359 277 3373 ..
297 3318 431 3388 congesta
454 3321 544 3373 erant.
567 3318 704 3374 Schultess
732 3334 827 3384 casus,
847 3321 888 3385 et,
907 3333 977 3386 quos
998 3361 1004 3372 .
1025 3361 1031 3373 .
1052 3334 1116 3372 oon·

94 3390 176 3457 gesta
194 3389 325 3444 sacrant?
349 3389 432 3446 Geta
451 3390 544 3460 (1889)
573 3405 667 3456 casua,
687 3392 717 3443 et
735 3405 805 3460 quos
826 3434 831 3445 .
851 3431 857 3443 .
877 3392 1012 3458 congesta
1032 3388 1116 3456 <ho·

93 3460 228 3528 nestas>
239 3463 338 3516 erant?
359 3463 580 3531 adscripserim
599 3461 610 3534 14
632 3460 669 3516 26
687 3459 774 3517 refers
793 3477 809 3519 ς
833 3458 905 3515 refer
919 3461 946 3516 A
969 3461 975 3530 1
1002 3459 1075 3514 dixit
1089 3463 1120 3516 A

93 3530 168 3602 quod
188 3529 312 3599 defendit
333 3477 470 3589 Seialtees
495 3532 599 3589 dixerit
616 3545 634 3588 s
658 3533 673 3608 tp
691 3531 727 3590 ‘tt
751 3531 913 3589 muitarum
926 3531 1050 3585 Eumeis
1066 3542 1105 3580 aa
1118 3538 1140 3575 s
