2438 3846
399 172 448 226 DE
466 171 531 227 IRA
549 170 652 230 LIB.1.
685 170 763 231 cAP.
778 177 813 228 20
1072 176 1116 244 69

96 319 143 382 ita
176 311 224 376 ira
251 316 407 381 muliebre
437 318 576 382 maxime
606 339 644 383 ac
670 319 794 402 puerile
820 318 937 385 vitium
963 323 1020 385 est.
1067 317 1118 384 ‘at

95 406 208 472 incidit
241 410 273 472 et
304 407 338 470 iu
369 405 477 471 viros'
530 429 606 471 nam
637 407 715 472 viris
749 429 877 493 quoque
911 408 1048 493 puerilia
1080 430 1118 474 ac

96 495 267 561 muliebria
283 495 414 582 ingenia
432 498 514 561 sunt.
547 495 643 580 ‘quid
661 496 761 583 ergo?
792 519 859 563 non
877 499 1004 581 aliquae
1021 518 1152 567 vocese

98 587 138 651 ab
169 586 260 650 iratis
293 585 485 650 emittuntur
516 607 598 670 quae
629 608 748 672 magno
783 587 917 652 emissae
948 587 1118 652 videantur

66 673 241 739 eanimot’
305 675 399 741 immo
437 696 546 739 veram
586 674 811 760 ignorantibus
852 676 1117 762 magnitudinem,

97 764 201 848 qualis
220 763 278 828 illa
296 763 365 828 dira
383 767 416 829 et
434 764 660 829 abominanda:
683 765 837 848 ‘oderint
857 765 934 831 dum
951 764 1116 830 metuant?

97 851 231 918 Sullano
251 853 332 917 scias
351 853 477 918 saeculo
498 854 658 936 scriptam.
690 855 800 919 nescio
818 858 927 919 utrum
946 855 1008 919 sibi
1026 854 1117 940 peius

98 943 270 1026 optaverit,
293 946 331 1007 ut
354 942 428 1007 odio
452 946 547 1026 esset,
572 965 613 1006 an
635 947 673 1007 ut
695 943 812 1008 timori.
859 942 1021 1008 ‘oderint'
1067 964 1118 1008 oo

98 1032 198 1097 currit
227 1033 276 1096 iili
305 1031 463 1114 futurum,
493 1035 530 1096 ut
559 1036 759 1116 execrentur,
782 1031 987 1116 insidientur,
1011 1033 1118 1117 oppri-

53 1141 80 1182 ιο
97 1125 195 1186 mant.
233 1120 310 1206 quid
330 1119 467 1186 adiecit?
503 1120 536 1185 di
558 1121 607 1184 illi
626 1121 860 1205 malefaciant,
879 1121 1119 1207 adeorepperit

98 1211 233 1296 dignum
256 1209 330 1276 odio
350 1210 534 1275 remedium.
573 1209 730 1275 ‘oderint'
754 1247 797 1258 -
821 1210 899 1296 quid
917 1209 1006 1277 tem?
1042 1211 1119 1276 dum

98 1298 253 1384 pareant?
290 1321 371 1384 non3
394 1299 470 1363 dum
493 1298 653 1383 probent?
688 1322 768 1384 non3
792 1300 871 1385 quid
893 1300 993 1387 ergo?
1030 1298 1119 1366 ‘dum

98 1387 252 1453 timeant?
297 1389 344 1454 sic
372 1410 413 1452 ne
443 1389 544 1453 amari
574 1389 703 1473 quidem
732 1389 857 1454 vellem.
908 1411 1026 1475 magno
1055 1390 1154 1458 hoco

98 1477 220 1542 dictum
252 1477 369 1562 spiritu
400 1476 518 1561 putas?
562 1478 697 1562 falleris3
726 1500 786 1543 nec
816 1478 902 1544 enim
929 1476 1119 1565 magnitudo

54 1585 80 1627 rc
98 1567 161 1631 ista
184 1569 233 1631 est
255 1565 310 1632 sed
333 1567 525 1631 immanitas.
570 1589 637 1632 non
664 1570 713 1632 est
741 1567 827 1651 quod
850 1568 961 1634 credas
984 1569 1120 1634 irascen-

98 1655 180 1720 tium
212 1655 331 1738 verbis,
364 1676 502 1739 quorum
532 1657 684 1741 strepitus
714 1657 838 1742 magni,
866 1658 1006 1722 minaces
1037 1661 1121 1741 sunt,

98 1745 184 1809 intra
206 1765 296 1810 mens
319 1744 535 1829 pavidissima.
571 1767 632 1811 nec
654 1750 703 1811 est
721 1746 809 1831 quod
827 1747 990 1812 existimes
1009 1768 1121 1812 verum
1139 1766 1156 1816 c

99 1855 180 1916 esse,
200 1833 286 1918 qnod
305 1834 390 1919 apud
410 1834 656 1900 disertissimum
675 1836 780 1900 virum
798 1835 833 1900 Τ.
843 1835 973 1901 Livium
990 1835 1121 1901 dicitur:

100 1922 165 1987 ‘vir
182 1922 304 2010 ingenii
322 1924 432 2010 magni
451 1925 554 2010 magis
574 1946 671 2009 quam
688 1922 787 1990 boni'
823 1947 891 1991 non
908 1928 1017 2009 potest
1034 1924 1121 1990 istud

53 2031 81 2072 so
100 2013 254 2096 separari:
300 2016 356 2077 ant
385 2017 417 2077 et
446 2012 567 2078 bonum
597 2014 659 2078 erit
686 2018 742 2078 aut
768 2036 828 2080 nec
855 2036 1021 2100 magnum,
1045 2014 1123 2099 quia

99 2101 477 2261 tettibb‘tt
496 2103 1122 2260 iniieniu⁵iiii³itit⁰g⁰iieiiiii

100 2280 193 2345 maiis
212 2281 350 2367 ingeniis
368 2304 435 2347 non
453 2216 568 2367 potliest.
601 2283 758 2348 terribilia
773 2216 862 2349 (duim
876 2216 944 2349 ἓεεθ
958 2287 991 2348 et
1004 2283 1122 2348 tumul·
1141 2307 1157 2358 r

100 2373 194 2435 tuosa
211 2373 245 2434 et
262 2371 398 2437 exitiosa
420 2370 569 2456 possunt:
593 2373 848 2458 magnitudinem
868 2372 1011 2456 quidem,
1030 2372 1122 2438 cuius

54 2475 82 2520 rc
99 2459 337 2524 firmamentum
374 2461 536 2545 roburque
572 2462 700 2526 bonitas
739 2465 800 2545 est,
841 2484 908 2527 non
947 2461 1121 2527 habebunt.

100 2551 241 2614 ceterum
264 2571 423 2633 sermone,
447 2553 565 2616 conatu
588 2555 621 2614 et
644 2550 732 2615 omni
755 2555 846 2616 extra
869 2554 984 2635 paratu
1005 2551 1124 2617 facient

189 2761 208 2816 d
221 2763 325 2818 Accius
337 2762 369 2817 ἐκ
382 2762 467 2818 Atreo
480 2761 517 2829 fr.
531 2763 558 2816 V
567 2765 643 2831 (203)
659 2763 740 2818 Ribb.
755 2763 765 2836 Η
779 2762 815 2817 18
828 2763 891 2818 Lie.
905 2762 979 2834 frug.
989 2767 1026 2820 54
1036 2764 1124 2819 Hem

190 2902 329 2976 Amagne
347 2903 432 2976 misse
451 2904 577 2959 bubaime
595 2905 651 2971 oid.
665 2905 708 2962 A¹
723 2921 791 2960 corr.
805 2904 870 2972 sort.
885 2905 979 2960 eudem
996 2922 1097 2960 merrus
1114 2904 1124 2977 tt

100 2974 119 3029 b
136 2973 224 3031 immo
242 2975 308 3030 cdd.
321 2975 442 3046 Madvig
462 2974 473 3047 ΙΙ
497 2974 511 3029 7
531 2975 642 3045 syllano
656 2977 684 3032 A
709 2976 713 3047 Ι
737 2975 819 3046 peius
837 2978 870 3032 in
887 2993 943 3032 rae.
957 2976 1001 3032 A’
1013 2979 1124 3047 meae

102 3063 175 3102 mun.
189 3048 329 3130 acaptare
342 3046 430 3117 plene
448 3063 529 3102 occu
544 3047 555 3120 ΙΙ
573 3047 608 3102 10
627 3047 733 3132 adiecit
745 3049 774 3104 A
793 3047 895 3103 adiicit
908 3049 1047 3104 masmae
1058 3048 1123 3116 fort.

99 3117 1125 3265 ntinunctisintercatiensem

100 3261 192 3317 virum
211 3259 243 3317 Τ.
257 3260 368 3316 Livium
387 3261 493 3318 dicitur
508 3262 603 3330 Gertz,
621 3263 693 3319 idem
707 3263 729 3317 L
742 3265 801 3320 eui
813 3264 887 3334 quod
902 3262 934 3320 Τ.
948 3265 1023 3320 abest
1036 3263 1124 3319 diser-

100 3333 243 3388 tissimum
269 3332 375 3388 dicitur
395 3334 446 3403 A¹,
468 3334 516 3391 sed
535 3341 641 3404 nmero
663 3336 839 3406 significatur
861 3337 933 3391 inter
954 3337 1020 3391 baec
1041 3336 1125 3391 vnto

101 3404 232 3460 metenda
258 3421 314 3461 esse
340 3422 411 3476 quac
433 3404 475 3460 A·
501 3407 533 3462 irs
559 3423 645 3477 marg.
670 3407 832 3478 edomabat:
862 3406 955 3462 uirum
982 3405 1085 3461 linium
1115 3407 1126 3481 ΙΙ

101 3473 347 3604 &magnetem
369 3478 397 3533 L
423 3484 456 3533 ct
476 3477 545 3549 vole.
568 3479 664 3547 potest
685 3479 714 3534 A
744 3477 755 3552 ΙΙ
786 3477 824 3534 26
845 3480 950 3535 conatu
971 3479 1002 3535 A
1023 3480 1135 3532 emese
