<?xml version="1.0" encoding="UTF-8"?>
<!DOCTYPE html PUBLIC "-//W3C//DTD XHTML 1.0 Transitional//EN"
    "http://www.w3.org/TR/xhtml1/DTD/xhtml1-transitional.dtd">
<html xmlns="http://www.w3.org/1999/xhtml" xml:lang="en" lang="en">
 <head>
  <title>
</title>
<meta http-equiv="Content-Type" content="text/html;charset=utf-8" />
  <meta name='ocr-system' content='tesseract 3.04.00' />
  <meta name='ocr-capabilities' content='ocr_page ocr_carea ocr_par ocr_line ocrx_word'/>
</head>
<body>
  <div class='ocr_page' id='page_1' title='image "./lannaeisenecaeo02senegoog_0101.png"; bbox 0 0 2438 3846; ppageno 0'>
   <div class='ocr_carea' id='block_1_1' title="bbox 375 165 1123 233">
    <p class='ocr_par' dir='ltr' id='par_1_1' title="bbox 375 165 1123 233">
     <span class='ocr_line' id='line_1_1' title="bbox 375 165 1123 233; baseline 0.003 -13"><span class='ocrx_word' id='word_1_1' title='bbox 375 165 425 220; x_wconf 81' lang='lat' dir='ltr'>DE</span> <span class='ocrx_word' id='word_1_2' title='bbox 443 166 508 220; x_wconf 84' lang='lat' dir='ltr'>IRA</span> <span class='ocrx_word' id='word_1_3' title='bbox 526 165 593 221; x_wconf 88' lang='lat' dir='ltr'><strong><em>LIB.</em></strong></span> <span class='ocrx_word' id='word_1_4' title='bbox 608 166 642 221; x_wconf 89' lang='lat'>11.</span> <span class='ocrx_word' id='word_1_5' title='bbox 676 165 754 221; x_wconf 81' lang='lat' dir='ltr'><strong><em>OAP.</em></strong></span> <span class='ocrx_word' id='word_1_6' title='bbox 769 171 793 220; x_wconf 81' lang='lat' dir='ltr'>t.</span> <span class='ocrx_word' id='word_1_7' title='bbox 808 171 833 222; x_wconf 82' lang='lat'>4.</span> <span class='ocrx_word' id='word_1_8' title='bbox 849 171 866 221; x_wconf 81' lang='grc' dir='ltr'><strong>ὅ</strong></span> <span class='ocrx_word' id='word_1_9' title='bbox 1082 167 1123 233; x_wconf 79' lang='grc'>75</span> 
     </span>
    </p>
   </div>
   <div class='ocr_carea' id='block_1_2' title="bbox 33 311 1160 2339">
    <p class='ocr_par' dir='ltr' id='par_1_2' title="bbox 33 311 1160 665">
     <span class='ocr_line' id='line_1_2' title="bbox 33 311 1124 395; baseline -0.002 -19"><span class='ocrx_word' id='word_1_10' title='bbox 33 370 36 375; x_wconf 92' lang='grc'>.</span> <span class='ocrx_word' id='word_1_11' title='bbox 102 311 304 376; x_wconf 78' lang='lat' dir='ltr'>dissuadente</span> <span class='ocrx_word' id='word_1_12' title='bbox 328 313 436 395; x_wconf 81' lang='lat' dir='ltr'>edique</span> <span class='ocrx_word' id='word_1_13' title='bbox 459 333 555 376; x_wconf 89' lang='lat' dir='ltr'>causa</span> <span class='ocrx_word' id='word_1_14' title='bbox 576 312 685 380; x_wconf 89' lang='lat' dir='ltr'>statim</span> <span class='ocrx_word' id='word_1_15' title='bbox 703 311 834 376; x_wconf 80' lang='lat' dir='ltr'>resedit:</span> <span class='ocrx_word' id='word_1_16' title='bbox 856 312 941 377; x_wconf 90' lang='lat' dir='ltr'>hanc</span> <span class='ocrx_word' id='word_1_17' title='bbox 959 311 1040 375; x_wconf 88' lang='lat' dir='ltr'>iram</span> <span class='ocrx_word' id='word_1_18' title='bbox 1058 332 1124 375; x_wconf 92' lang='lat' dir='ltr'>non</span> 
     </span>
     <span class='ocr_line' id='line_1_3' title="bbox 101 400 1124 485; baseline -0.002 -19"><span class='ocrx_word' id='word_1_19' title='bbox 101 422 197 484; x_wconf 78' lang='lat' dir='ltr'>voco,</span> <span class='ocrx_word' id='word_1_20' title='bbox 220 405 344 465; x_wconf 91' lang='lat' dir='ltr'>motum</span> <span class='ocrx_word' id='word_1_21' title='bbox 368 401 466 464; x_wconf 91' lang='lat' dir='ltr'>animi</span> <span class='ocrx_word' id='word_1_22' title='bbox 489 401 608 464; x_wconf 90' lang='lat' dir='ltr'>rationi</span> <span class='ocrx_word' id='word_1_23' title='bbox 628 404 807 485; x_wconf 83' lang='lat' dir='ltr'>parentem3</span> <span class='ocrx_word' id='word_1_24' title='bbox 825 401 883 464; x_wconf 81' lang='lat' dir='ltr'>itta</span> <span class='ocrx_word' id='word_1_25' title='bbox 901 405 950 465; x_wconf 87' lang='lat' dir='ltr'>est</span> <span class='ocrx_word' id='word_1_26' title='bbox 967 400 1023 484; x_wconf 85' lang='lat' dir='ltr'>ira,</span> <span class='ocrx_word' id='word_1_27' title='bbox 1043 421 1124 484; x_wconf 89' lang='lat' dir='ltr'>quae</span> 
     </span>
     <span class='ocr_line' id='line_1_4' title="bbox 101 489 1160 575; baseline -0.001 -20"><span class='ocrx_word' id='word_1_28' title='bbox 101 492 259 555; x_wconf 88' lang='lat' dir='ltr'>rationem</span> <span class='ocrx_word' id='word_1_29' title='bbox 282 490 452 572; x_wconf 86' lang='lat' dir='ltr'>transsilit,</span> <span class='ocrx_word' id='word_1_30' title='bbox 476 512 557 574; x_wconf 90' lang='lat' dir='ltr'>quae</span> <span class='ocrx_word' id='word_1_31' title='bbox 581 511 689 554; x_wconf 89' lang='lat' dir='ltr'>secum</span> <span class='ocrx_word' id='word_1_32' title='bbox 711 491 805 573; x_wconf 80' lang='lat' dir='ltr'><strong>rapit.</strong></span> <span class='ocrx_word' id='word_1_33' title='bbox 844 511 922 575; x_wconf 85' lang='lat' dir='ltr'>ergo</span> <span class='ocrx_word' id='word_1_34' title='bbox 945 490 1050 573; x_wconf 89' lang='lat' dir='ltr'>prima</span> <span class='ocrx_word' id='word_1_35' title='bbox 1067 489 1160 554; x_wconf 77' lang='lat' dir='ltr'>illae</span> 
     </span>
     <span class='ocr_line' id='line_1_5' title="bbox 102 578 1126 665; baseline 0 -22"><span class='ocrx_word' id='word_1_36' title='bbox 102 581 237 665; x_wconf 77' lang='lat' dir='ltr'>agitatio</span> <span class='ocrx_word' id='word_1_37' title='bbox 269 580 381 663; x_wconf 90' lang='lat' dir='ltr'>animi,</span> <span class='ocrx_word' id='word_1_38' title='bbox 419 602 516 663; x_wconf 91' lang='lat' dir='ltr'>quam</span> <span class='ocrx_word' id='word_1_39' title='bbox 548 578 669 663; x_wconf 84' lang='lat' dir='ltr'>species</span> <span class='ocrx_word' id='word_1_40' title='bbox 702 579 837 643; x_wconf 90' lang='lat' dir='ltr'>iniuriae</span> <span class='ocrx_word' id='word_1_41' title='bbox 874 579 1022 662; x_wconf 80' lang='lat' dir='ltr'>incussit,</span> <span class='ocrx_word' id='word_1_42' title='bbox 1057 600 1126 643; x_wconf 91' lang='lat' dir='ltr'>non</span> 
     </span>
    </p>

    <p class='ocr_par' dir='ltr' id='par_1_3' title="bbox 70 668 1125 1110">
     <span class='ocr_line' id='line_1_6' title="bbox 70 668 1124 753; baseline 0 -21"><span class='ocrx_word' id='word_1_43' title='bbox 70 670 204 753; x_wconf 71' lang='lat' dir='ltr'>imagis</span> <span class='ocrx_word' id='word_1_44' title='bbox 228 670 276 732; x_wconf 88' lang='lat' dir='ltr'>ira</span> <span class='ocrx_word' id='word_1_45' title='bbox 299 673 348 733; x_wconf 92' lang='lat' dir='ltr'>est</span> <span class='ocrx_word' id='word_1_46' title='bbox 371 690 467 752; x_wconf 91' lang='lat' dir='ltr'>quam</span> <span class='ocrx_word' id='word_1_47' title='bbox 490 669 562 751; x_wconf 92' lang='lat' dir='ltr'>ipsa</span> <span class='ocrx_word' id='word_1_48' title='bbox 584 669 719 733; x_wconf 90' lang='lat' dir='ltr'>iniuriae</span> <span class='ocrx_word' id='word_1_49' title='bbox 743 669 878 752; x_wconf 81' lang='lat' dir='ltr'>species3</span> <span class='ocrx_word' id='word_1_50' title='bbox 905 668 960 732; x_wconf 87' lang='lat' dir='ltr'>ille</span> <span class='ocrx_word' id='word_1_51' title='bbox 988 690 1124 752; x_wconf 87' lang='lat' dir='ltr'>sequane</span> 
     </span>
     <span class='ocr_line' id='line_1_7' title="bbox 101 755 1124 842; baseline -0.002 -20"><span class='ocrx_word' id='word_1_52' title='bbox 101 759 254 842; x_wconf 87' lang='lat' dir='ltr'>impetus,</span> <span class='ocrx_word' id='word_1_53' title='bbox 283 759 338 841; x_wconf 91' lang='lat' dir='ltr'>qui</span> <span class='ocrx_word' id='word_1_54' title='bbox 363 758 501 841; x_wconf 88' lang='lat' dir='ltr'>speciem</span> <span class='ocrx_word' id='word_1_55' title='bbox 524 759 660 822; x_wconf 87' lang='lat' dir='ltr'>iniuriae</span> <span class='ocrx_word' id='word_1_56' title='bbox 682 779 750 821; x_wconf 94' lang='lat' dir='ltr'>non</span> <span class='ocrx_word' id='word_1_57' title='bbox 771 761 899 821; x_wconf 90' lang='lat' dir='ltr'>tantum</span> <span class='ocrx_word' id='word_1_58' title='bbox 922 755 1124 840; x_wconf 84' lang='lat' dir='ltr'>accepitsed</span> 
     </span>
     <span class='ocr_line' id='line_1_8' title="bbox 101 845 1125 930; baseline -0.001 -20"><span class='ocrx_word' id='word_1_59' title='bbox 101 846 304 930; x_wconf 80' lang='lat' dir='ltr'>adprobavit,</span> <span class='ocrx_word' id='word_1_60' title='bbox 323 848 371 910; x_wconf 90' lang='lat' dir='ltr'>ira</span> <span class='ocrx_word' id='word_1_61' title='bbox 390 851 452 929; x_wconf 87' lang='lat' dir='ltr'>est,</span> <span class='ocrx_word' id='word_1_62' title='bbox 470 847 643 911; x_wconf 82' lang='lat' dir='ltr'>concitatio</span> <span class='ocrx_word' id='word_1_63' title='bbox 663 847 762 911; x_wconf 88' lang='lat' dir='ltr'>animi</span> <span class='ocrx_word' id='word_1_64' title='bbox 781 845 821 911; x_wconf 91' lang='lat' dir='ltr'>ad</span> <span class='ocrx_word' id='word_1_65' title='bbox 840 847 997 910; x_wconf 87' lang='lat' dir='ltr'>ultionem‘</span> <span class='ocrx_word' id='word_1_66' title='bbox 1012 846 1125 910; x_wconf 83' lang='lat' dir='ltr'>volun·</span> 
     </span>
     <span class='ocr_line' id='line_1_9' title="bbox 101 934 1125 1021; baseline 0 -22"><span class='ocrx_word' id='word_1_67' title='bbox 101 939 167 1001; x_wconf 87' lang='lat' dir='ltr'>tate</span> <span class='ocrx_word' id='word_1_68' title='bbox 194 939 227 999; x_wconf 88' lang='lat' dir='ltr'>et</span> <span class='ocrx_word' id='word_1_69' title='bbox 253 936 372 1000; x_wconf 88' lang='lat' dir='ltr'>iudicio</span> <span class='ocrx_word' id='word_1_70' title='bbox 400 936 572 1021; x_wconf 85' lang='lat' dir='ltr'>pergentis.</span> <span class='ocrx_word' id='word_1_71' title='bbox 618 958 795 1020; x_wconf 89' lang='lat' dir='ltr'>numquam</span> <span class='ocrx_word' id='word_1_72' title='bbox 818 934 952 999; x_wconf 90' lang='lat' dir='ltr'>dubium</span> <span class='ocrx_word' id='word_1_73' title='bbox 974 939 1023 999; x_wconf 87' lang='lat' dir='ltr'>est</span> <span class='ocrx_word' id='word_1_74' title='bbox 1046 935 1125 1019; x_wconf 89' lang='lat' dir='ltr'>quin</span> 
     </span>
     <span class='ocr_line' id='line_1_10' title="bbox 100 1025 1124 1110; baseline -0.001 -21"><span class='ocrx_word' id='word_1_75' title='bbox 100 1025 199 1089; x_wconf 90' lang='lat' dir='ltr'>timor</span> <span class='ocrx_word' id='word_1_76' title='bbox 222 1025 333 1110; x_wconf 84' lang='lat' dir='ltr'>fugam</span> <span class='ocrx_word' id='word_1_77' title='bbox 355 1025 485 1108; x_wconf 90' lang='lat' dir='ltr'>habeat,</span> <span class='ocrx_word' id='word_1_78' title='bbox 508 1026 557 1089; x_wconf 90' lang='lat' dir='ltr'>ira</span> <span class='ocrx_word' id='word_1_79' title='bbox 579 1025 738 1109; x_wconf 92' lang='lat' dir='ltr'>inpetum:</span> <span class='ocrx_word' id='word_1_80' title='bbox 768 1025 841 1089; x_wconf 78' lang='lat' dir='ltr'>ride</span> <span class='ocrx_word' id='word_1_81' title='bbox 865 1045 942 1109; x_wconf 83' lang='lat' dir='ltr'>ergo</span> <span class='ocrx_word' id='word_1_82' title='bbox 967 1046 1008 1088; x_wconf 88' lang='lat' dir='ltr'>an</span> <span class='ocrx_word' id='word_1_83' title='bbox 1030 1027 1124 1107; x_wconf 87' lang='lat' dir='ltr'>putes</span> 
     </span>
    </p>

    <p class='ocr_par' dir='ltr' id='par_1_4' title="bbox 53 1113 1159 2339">
     <span class='ocr_line' id='line_1_11' title="bbox 56 1113 1124 1199; baseline 0.002 -25"><span class='ocrx_word' id='word_1_84' title='bbox 56 1135 83 1175; x_wconf 85' lang='lat' dir='ltr'>ro</span> <span class='ocrx_word' id='word_1_85' title='bbox 101 1113 224 1198; x_wconf 88' lang='lat' dir='ltr'>aliquid</span> <span class='ocrx_word' id='word_1_86' title='bbox 252 1115 320 1178; x_wconf 91' lang='lat' dir='ltr'>sine</span> <span class='ocrx_word' id='word_1_87' title='bbox 333 1113 481 1179; x_wconf 87' lang='lat' dir='ltr'>adsensu</span> <span class='ocrx_word' id='word_1_88' title='bbox 503 1115 619 1178; x_wconf 90' lang='lat' dir='ltr'>mentis</span> <span class='ocrx_word' id='word_1_89' title='bbox 644 1118 700 1179; x_wconf 90' lang='lat' dir='ltr'>aut</span> <span class='ocrx_word' id='word_1_90' title='bbox 722 1115 790 1198; x_wconf 90' lang='lat' dir='ltr'>peti</span> <span class='ocrx_word' id='word_1_91' title='bbox 813 1135 908 1199; x_wconf 89' lang='lat' dir='ltr'>posse</span> <span class='ocrx_word' id='word_1_92' title='bbox 932 1116 988 1177; x_wconf 89' lang='lat' dir='ltr'>aut</span> <span class='ocrx_word' id='word_1_93' title='bbox 1010 1113 1124 1178; x_wconf 83' lang='lat' dir='ltr'>caveri.</span> 
     </span>
     <span class='ocr_line' id='line_1_12' title="bbox 189 1201 1159 1287; baseline -0.001 -20"><span class='ocrx_word' id='word_1_94' title='bbox 189 1201 246 1268; x_wconf 85' lang='lat' dir='ltr'>IV.</span> <span class='ocrx_word' id='word_1_95' title='bbox 278 1202 324 1268; x_wconf 79' lang='lat' dir='ltr'>nt</span> <span class='ocrx_word' id='word_1_96' title='bbox 345 1207 382 1268; x_wconf 88' lang='lat' dir='ltr'>ut</span> <span class='ocrx_word' id='word_1_97' title='bbox 405 1204 487 1268; x_wconf 86' lang='lat' dir='ltr'>scias</span> <span class='ocrx_word' id='word_1_98' title='bbox 511 1202 782 1287; x_wconf 89' lang='lat' dir='ltr'>quemadmodum</span> <span class='ocrx_word' id='word_1_99' title='bbox 804 1203 962 1286; x_wconf 87' lang='lat' dir='ltr'>incipiant</span> <span class='ocrx_word' id='word_1_100' title='bbox 981 1201 1124 1267; x_wconf 90' lang='lat' dir='ltr'>adfectus</span> <span class='ocrx_word' id='word_1_101' title='bbox 1145 1217 1159 1266; x_wconf 91' lang='lat'>1</span> 
     </span>
     <span class='ocr_line' id='line_1_13' title="bbox 101 1291 1125 1377; baseline -0.001 -21"><span class='ocrx_word' id='word_1_102' title='bbox 101 1296 157 1357; x_wconf 90' lang='lat' dir='ltr'>eut</span> <span class='ocrx_word' id='word_1_103' title='bbox 176 1296 320 1357; x_wconf 87' lang='lat' dir='ltr'>crescant</span> <span class='ocrx_word' id='word_1_104' title='bbox 338 1296 395 1357; x_wconf 90' lang='lat' dir='ltr'>aut</span> <span class='ocrx_word' id='word_1_105' title='bbox 408 1292 593 1376; x_wconf 85' lang='lat' dir='ltr'>efferantur,</span> <span class='ocrx_word' id='word_1_106' title='bbox 610 1296 660 1357; x_wconf 87' lang='lat' dir='ltr'>est</span> <span class='ocrx_word' id='word_1_107' title='bbox 672 1293 796 1377; x_wconf 88' lang='lat' dir='ltr'>primus</span> <span class='ocrx_word' id='word_1_108' title='bbox 810 1296 918 1357; x_wconf 90' lang='lat' dir='ltr'>motus</span> <span class='ocrx_word' id='word_1_109' title='bbox 932 1313 999 1356; x_wconf 92' lang='lat' dir='ltr'>non</span> <span class='ocrx_word' id='word_1_110' title='bbox 1012 1291 1125 1356; x_wconf 76' lang='lat' dir='ltr'>volun·</span> 
     </span>
     <span class='ocr_line' id='line_1_14' title="bbox 100 1380 1125 1466; baseline -0.001 -21"><span class='ocrx_word' id='word_1_111' title='bbox 100 1381 215 1461; x_wconf 86' lang='lat' dir='ltr'>tarius,</span> <span class='ocrx_word' id='word_1_112' title='bbox 246 1382 337 1465; x_wconf 91' lang='lat' dir='ltr'>quasi</span> <span class='ocrx_word' id='word_1_113' title='bbox 364 1382 567 1466; x_wconf 81' lang='lat' dir='ltr'>praeparatio</span> <span class='ocrx_word' id='word_1_114' title='bbox 591 1381 735 1446; x_wconf 85' lang='lat' dir='ltr'>adfectus</span> <span class='ocrx_word' id='word_1_115' title='bbox 759 1385 792 1446; x_wconf 91' lang='lat' dir='ltr'>et</span> <span class='ocrx_word' id='word_1_116' title='bbox 814 1380 970 1466; x_wconf 88' lang='lat' dir='ltr'>quaedam</span> <span class='ocrx_word' id='word_1_117' title='bbox 994 1381 1125 1445; x_wconf 85' lang='lat' dir='ltr'>commi-</span> 
     </span>
     <span class='ocr_line' id='line_1_15' title="bbox 99 1469 1125 1554; baseline 0 -20"><span class='ocrx_word' id='word_1_118' title='bbox 99 1469 203 1552; x_wconf 83' lang='lat' dir='ltr'>nati03</span> <span class='ocrx_word' id='word_1_119' title='bbox 236 1471 317 1534; x_wconf 87' lang='lat' dir='ltr'>alter</span> <span class='ocrx_word' id='word_1_120' title='bbox 348 1492 422 1535; x_wconf 91' lang='lat' dir='ltr'>cum</span> <span class='ocrx_word' id='word_1_121' title='bbox 451 1470 618 1535; x_wconf 86' lang='lat' dir='ltr'>voluntate</span> <span class='ocrx_word' id='word_1_122' title='bbox 647 1492 714 1535; x_wconf 93' lang='lat' dir='ltr'>non</span> <span class='ocrx_word' id='word_1_123' title='bbox 733 1470 936 1554; x_wconf 83' lang='lat' dir='ltr'>contumaci,</span> <span class='ocrx_word' id='word_1_124' title='bbox 959 1473 1125 1553; x_wconf 88' lang='lat' dir='ltr'>tamquam</span> 
     </span>
     <span class='ocr_line' id='line_1_16' title="bbox 56 1559 1125 1643; baseline 0.001 -22"><span class='ocrx_word' id='word_1_125' title='bbox 56 1577 82 1620; x_wconf 82' lang='lat' dir='ltr'>re</span> <span class='ocrx_word' id='word_1_126' title='bbox 100 1562 249 1643; x_wconf 72' lang='lat' dir='ltr'>oporteat</span> <span class='ocrx_word' id='word_1_127' title='bbox 278 1580 329 1623; x_wconf 90' lang='lat' dir='ltr'>me</span> <span class='ocrx_word' id='word_1_128' title='bbox 358 1559 529 1642; x_wconf 84' lang='lat' dir='ltr'>vindicari,</span> <span class='ocrx_word' id='word_1_129' title='bbox 559 1581 632 1625; x_wconf 89' lang='lat' dir='ltr'>cum</span> <span class='ocrx_word' id='word_1_130' title='bbox 661 1561 767 1625; x_wconf 86' lang='lat' dir='ltr'>laesas</span> <span class='ocrx_word' id='word_1_131' title='bbox 796 1560 870 1643; x_wconf 87' lang='lat' dir='ltr'>sim,</span> <span class='ocrx_word' id='word_1_132' title='bbox 897 1562 954 1624; x_wconf 86' lang='lat' dir='ltr'>aut</span> <span class='ocrx_word' id='word_1_133' title='bbox 977 1562 1125 1643; x_wconf 78' lang='lat' dir='ltr'>oporteat</span> 
     </span>
     <span class='ocr_line' id='line_1_17' title="bbox 99 1647 1124 1733; baseline 0 -22"><span class='ocrx_word' id='word_1_134' title='bbox 99 1647 186 1712; x_wconf 91' lang='lat' dir='ltr'>hunc</span> <span class='ocrx_word' id='word_1_135' title='bbox 215 1668 335 1732; x_wconf 79' lang='lat' dir='ltr'>poenas</span> <span class='ocrx_word' id='word_1_136' title='bbox 366 1647 455 1733; x_wconf 87' lang='lat' dir='ltr'>dare,</span> <span class='ocrx_word' id='word_1_137' title='bbox 484 1669 559 1713; x_wconf 90' lang='lat' dir='ltr'>cum</span> <span class='ocrx_word' id='word_1_138' title='bbox 589 1648 692 1714; x_wconf 88' lang='lat' dir='ltr'>scelus</span> <span class='ocrx_word' id='word_1_139' title='bbox 722 1649 847 1733; x_wconf 70' lang='lat' dir='ltr'>fecerit,</span> <span class='ocrx_word' id='word_1_140' title='bbox 873 1648 988 1713; x_wconf 88' lang='lat' dir='ltr'>tertius</span> <span class='ocrx_word' id='word_1_141' title='bbox 1017 1651 1124 1712; x_wconf 89' lang='lat' dir='ltr'>motus</span> 
     </span>
     <span class='ocr_line' id='line_1_18' title="bbox 99 1735 1125 1822; baseline 0 -22"><span class='ocrx_word' id='word_1_142' title='bbox 99 1740 149 1800; x_wconf 88' lang='lat' dir='ltr'>est</span> <span class='ocrx_word' id='word_1_143' title='bbox 171 1737 236 1800; x_wconf 91' lang='lat' dir='ltr'>iam</span> <span class='ocrx_word' id='word_1_144' title='bbox 258 1738 433 1821; x_wconf 86' lang='lat' dir='ltr'>impotens,</span> <span class='ocrx_word' id='word_1_145' title='bbox 457 1738 514 1822; x_wconf 90' lang='lat' dir='ltr'>qui</span> <span class='ocrx_word' id='word_1_146' title='bbox 536 1758 603 1801; x_wconf 93' lang='lat' dir='ltr'>non</span> <span class='ocrx_word' id='word_1_147' title='bbox 627 1737 655 1804; x_wconf 89' lang='lat' dir='ltr'>ei</span> <span class='ocrx_word' id='word_1_148' title='bbox 678 1741 808 1822; x_wconf 88' lang='lat' dir='ltr'>oportet</span> <span class='ocrx_word' id='word_1_149' title='bbox 829 1737 944 1802; x_wconf 86' lang='lat' dir='ltr'>ulcisci</span> <span class='ocrx_word' id='word_1_150' title='bbox 966 1738 1050 1819; x_wconf 86' lang='lat' dir='ltr'>vult,</span> <span class='ocrx_word' id='word_1_151' title='bbox 1070 1735 1125 1801; x_wconf 88' lang='lat' dir='ltr'>sed</span> 
     </span>
     <span class='ocr_line' id='line_1_19' title="bbox 98 1826 1159 1911; baseline 0 -21"><span class='ocrx_word' id='word_1_152' title='bbox 98 1826 225 1910; x_wconf 87' lang='lat' dir='ltr'>atique,</span> <span class='ocrx_word' id='word_1_153' title='bbox 245 1826 302 1910; x_wconf 91' lang='lat' dir='ltr'>qui</span> <span class='ocrx_word' id='word_1_154' title='bbox 319 1827 478 1891; x_wconf 89' lang='lat' dir='ltr'>rationem</span> <span class='ocrx_word' id='word_1_155' title='bbox 496 1827 601 1891; x_wconf 83' lang='lat' dir='ltr'>evicit.</span> <span class='ocrx_word' id='word_1_156' title='bbox 638 1826 780 1911; x_wconf 90' lang='lat' dir='ltr'>primum</span> <span class='ocrx_word' id='word_1_157' title='bbox 798 1827 892 1892; x_wconf 86' lang='lat' dir='ltr'>illum</span> <span class='ocrx_word' id='word_1_158' title='bbox 910 1826 1010 1890; x_wconf 89' lang='lat' dir='ltr'>animi</span> <span class='ocrx_word' id='word_1_159' title='bbox 1024 1826 1124 1891; x_wconf 90' lang='lat' dir='ltr'>ictum</span> <span class='ocrx_word' id='word_1_160' title='bbox 1143 1841 1159 1890; x_wconf 80' lang='lat'>2</span> 
     </span>
     <span class='ocr_line' id='line_1_20' title="bbox 99 1914 1125 2001; baseline -0.001 -22"><span class='ocrx_word' id='word_1_161' title='bbox 99 1914 239 2001; x_wconf 83' lang='lat' dir='ltr'>effugere</span> <span class='ocrx_word' id='word_1_162' title='bbox 268 1915 393 1981; x_wconf 89' lang='lat' dir='ltr'>ratione</span> <span class='ocrx_word' id='word_1_163' title='bbox 421 1937 489 1981; x_wconf 92' lang='lat' dir='ltr'>non</span> <span class='ocrx_word' id='word_1_164' title='bbox 518 1937 704 2000; x_wconf 88' lang='lat' dir='ltr'>possumus,</span> <span class='ocrx_word' id='word_1_165' title='bbox 733 1917 883 1982; x_wconf 88' lang='lat' dir='ltr'>sicutne</span> <span class='ocrx_word' id='word_1_166' title='bbox 911 1915 968 1979; x_wconf 90' lang='lat' dir='ltr'>illa</span> <span class='ocrx_word' id='word_1_167' title='bbox 996 1914 1125 1999; x_wconf 89' lang='lat' dir='ltr'>quidem</span> 
     </span>
     <span class='ocr_line' id='line_1_21' title="bbox 53 2005 1124 2090; baseline 0.004 -26"><span class='ocrx_word' id='word_1_168' title='bbox 53 2024 82 2065; x_wconf 79' lang='lat' dir='ltr'>aa</span> <span class='ocrx_word' id='word_1_169' title='bbox 101 2025 182 2087; x_wconf 88' lang='lat' dir='ltr'>qaae</span> <span class='ocrx_word' id='word_1_170' title='bbox 215 2005 354 2069; x_wconf 87' lang='lat' dir='ltr'>diximus</span> <span class='ocrx_word' id='word_1_171' title='bbox 387 2005 530 2070; x_wconf 88' lang='lat' dir='ltr'>accidere</span> <span class='ocrx_word' id='word_1_172' title='bbox 563 2005 768 2090; x_wconf 87' lang='lat' dir='ltr'>corporibus,</span> <span class='ocrx_word' id='word_1_173' title='bbox 802 2027 844 2069; x_wconf 91' lang='lat' dir='ltr'>ne</span> <span class='ocrx_word' id='word_1_174' title='bbox 879 2026 941 2070; x_wconf 91' lang='lat' dir='ltr'>nos</span> <span class='ocrx_word' id='word_1_175' title='bbox 975 2005 1124 2069; x_wconf 88' lang='lat' dir='ltr'>oscitatio</span> 
     </span>
     <span class='ocr_line' id='line_1_22' title="bbox 100 2093 1125 2178; baseline 0.002 -21"><span class='ocrx_word' id='word_1_176' title='bbox 100 2093 204 2158; x_wconf 88' lang='lat' dir='ltr'>aliena</span> <span class='ocrx_word' id='word_1_177' title='bbox 241 2094 407 2178; x_wconf 88' lang='lat' dir='ltr'>sollicitet,</span> <span class='ocrx_word' id='word_1_178' title='bbox 442 2116 483 2159; x_wconf 90' lang='lat' dir='ltr'>ne</span> <span class='ocrx_word' id='word_1_179' title='bbox 516 2094 602 2160; x_wconf 90' lang='lat' dir='ltr'>oculi</span> <span class='ocrx_word' id='word_1_180' title='bbox 634 2094 675 2159; x_wconf 88' lang='lat' dir='ltr'>ad</span> <span class='ocrx_word' id='word_1_181' title='bbox 706 2094 952 2160; x_wconf 85' lang='lat' dir='ltr'>intentationem</span> <span class='ocrx_word' id='word_1_182' title='bbox 985 2093 1125 2159; x_wconf 87' lang='lat' dir='ltr'>subitam</span> 
     </span>
     <span class='ocr_line' id='line_1_23' title="bbox 100 2181 1124 2268; baseline 0.002 -22"><span class='ocrx_word' id='word_1_183' title='bbox 100 2181 276 2268; x_wconf 83' lang='lat' dir='ltr'>digitorum</span> <span class='ocrx_word' id='word_1_184' title='bbox 300 2184 556 2268; x_wconf 77' lang='lat' dir='ltr'>conprimuntur:</span> <span class='ocrx_word' id='word_1_185' title='bbox 578 2184 643 2250; x_wconf 85' lang='lat' dir='ltr'>ista</span> <span class='ocrx_word' id='word_1_186' title='bbox 664 2205 731 2249; x_wconf 92' lang='lat' dir='ltr'>non</span> <span class='ocrx_word' id='word_1_187' title='bbox 753 2186 862 2268; x_wconf 90' lang='lat' dir='ltr'>potest</span> <span class='ocrx_word' id='word_1_188' title='bbox 884 2184 967 2247; x_wconf 89' lang='lat' dir='ltr'>ratio</span> <span class='ocrx_word' id='word_1_189' title='bbox 987 2184 1124 2267; x_wconf 78' lang='lat' dir='ltr'>vincere,</span> 
     </span>
     <span class='ocr_line' id='line_1_24' title="bbox 99 2272 1124 2339; baseline 0 -3"><span class='ocrx_word' id='word_1_190' title='bbox 99 2272 298 2337; x_wconf 89' lang='lat' dir='ltr'>consuetudo</span> <span class='ocrx_word' id='word_1_191' title='bbox 336 2273 472 2338; x_wconf 86' lang='lat' dir='ltr'>fortasse</span> <span class='ocrx_word' id='word_1_192' title='bbox 509 2276 542 2338; x_wconf 88' lang='lat' dir='ltr'>et</span> <span class='ocrx_word' id='word_1_193' title='bbox 578 2273 712 2339; x_wconf 88' lang='lat' dir='ltr'>adsidua</span> <span class='ocrx_word' id='word_1_194' title='bbox 749 2273 930 2338; x_wconf 84' lang='lat' dir='ltr'>observatio</span> <span class='ocrx_word' id='word_1_195' title='bbox 964 2276 1124 2338; x_wconf 80' lang='lat' dir='ltr'>extenuat.</span> 
     </span>
    </p>
   </div>
   <div class='ocr_carea' id='block_1_3' title="bbox 52 2361 1158 2803">
    <p class='ocr_par' dir='ltr' id='par_1_5' title="bbox 52 2361 1158 2803">
     <span class='ocr_line' id='line_1_25' title="bbox 99 2361 1124 2447; baseline 0.001 -22"><span class='ocrx_word' id='word_1_196' title='bbox 99 2361 180 2426; x_wconf 86' lang='lat' dir='ltr'>alter</span> <span class='ocrx_word' id='word_1_197' title='bbox 209 2362 264 2426; x_wconf 92' lang='lat' dir='ltr'>ille</span> <span class='ocrx_word' id='word_1_198' title='bbox 295 2366 416 2447; x_wconf 90' lang='lat' dir='ltr'>motus,</span> <span class='ocrx_word' id='word_1_199' title='bbox 444 2363 500 2447; x_wconf 88' lang='lat' dir='ltr'>qui</span> <span class='ocrx_word' id='word_1_200' title='bbox 523 2362 643 2429; x_wconf 90' lang='lat' dir='ltr'>iudicio</span> <span class='ocrx_word' id='word_1_201' title='bbox 665 2363 822 2445; x_wconf 86' lang='lat' dir='ltr'>nascitur,</span> <span class='ocrx_word' id='word_1_202' title='bbox 846 2361 966 2427; x_wconf 92' lang='lat' dir='ltr'>iudicio</span> <span class='ocrx_word' id='word_1_203' title='bbox 989 2362 1124 2428; x_wconf 86' lang='lat' dir='ltr'>tollitur.</span> 
     </span>
     <span class='ocr_line' id='line_1_26' title="bbox 52 2448 1158 2538; baseline 0.005 -28"><span class='ocrx_word' id='word_1_204' title='bbox 52 2468 80 2510; x_wconf 73' lang='lat' dir='ltr'>ae</span> <span class='ocrx_word' id='word_1_205' title='bbox 189 2449 228 2515; x_wconf 88' lang='lat' dir='ltr'>V.</span> <span class='ocrx_word' id='word_1_206' title='bbox 265 2448 351 2515; x_wconf 91' lang='lat' dir='ltr'>Illud</span> <span class='ocrx_word' id='word_1_207' title='bbox 374 2452 558 2517; x_wconf 91' lang='lat' dir='ltr'>etiamnunc</span> <span class='ocrx_word' id='word_1_208' title='bbox 581 2451 798 2536; x_wconf 87' lang='lat' dir='ltr'>quaerendum</span> <span class='ocrx_word' id='word_1_209' title='bbox 822 2455 883 2534; x_wconf 90' lang='lat' dir='ltr'>est,</span> <span class='ocrx_word' id='word_1_210' title='bbox 906 2451 1006 2535; x_wconf 90' lang='lat' dir='ltr'>iiqui</span> <span class='ocrx_word' id='word_1_211' title='bbox 1024 2451 1158 2538; x_wconf 84' lang='lat' dir='ltr'>vulgol</span> 
     </span>
     <span class='ocr_line' id='line_1_27' title="bbox 99 2539 1125 2627; baseline 0.002 -25"><span class='ocrx_word' id='word_1_212' title='bbox 99 2539 245 2603; x_wconf 80' lang='lat' dir='ltr'>saeviunt</span> <span class='ocrx_word' id='word_1_213' title='bbox 277 2543 309 2604; x_wconf 87' lang='lat' dir='ltr'>et</span> <span class='ocrx_word' id='word_1_214' title='bbox 342 2541 499 2626; x_wconf 80' lang='lat' dir='ltr'>sanguine</span> <span class='ocrx_word' id='word_1_215' title='bbox 526 2541 669 2605; x_wconf 89' lang='lat' dir='ltr'>humano</span> <span class='ocrx_word' id='word_1_216' title='bbox 694 2539 841 2627; x_wconf 52' lang='lat' dir='ltr'>,gaudent</span> <span class='ocrx_word' id='word_1_217' title='bbox 868 2562 910 2603; x_wconf 89' lang='lat' dir='ltr'>an</span> <span class='ocrx_word' id='word_1_218' title='bbox 936 2539 1125 2623; x_wconf 87' lang='lat' dir='ltr'>irascantur,</span> 
     </span>
     <span class='ocr_line' id='line_1_28' title="bbox 99 2629 1124 2714; baseline 0.001 -22"><span class='ocrx_word' id='word_1_219' title='bbox 99 2649 173 2692; x_wconf 89' lang='lat' dir='ltr'>cum</span> <span class='ocrx_word' id='word_1_220' title='bbox 203 2650 257 2693; x_wconf 88' lang='lat' dir='ltr'>eos</span> <span class='ocrx_word' id='word_1_221' title='bbox 289 2629 454 2714; x_wconf 89' lang='lat' dir='ltr'>occidunt,</span> <span class='ocrx_word' id='word_1_222' title='bbox 481 2652 500 2694; x_wconf 87' lang='lat' dir='ltr'>a</span> <span class='ocrx_word' id='word_1_223' title='bbox 528 2630 645 2714; x_wconf 86' lang='lat' dir='ltr'>quibus</span> <span class='ocrx_word' id='word_1_224' title='bbox 671 2651 732 2695; x_wconf 87' lang='lat' dir='ltr'>nec</span> <span class='ocrx_word' id='word_1_225' title='bbox 759 2632 952 2714; x_wconf 85' lang='lat' dir='ltr'>accepenmt</span> <span class='ocrx_word' id='word_1_226' title='bbox 974 2629 1124 2693; x_wconf 88' lang='lat' dir='ltr'>iniuriam</span> 
     </span>
     <span class='ocr_line' id='line_1_29' title="bbox 97 2715 1123 2803; baseline 0.002 -21"><span class='ocrx_word' id='word_1_227' title='bbox 97 2739 158 2782; x_wconf 89' lang='lat' dir='ltr'>nee</span> <span class='ocrx_word' id='word_1_228' title='bbox 177 2719 337 2801; x_wconf 86' lang='lat' dir='ltr'>accepisse</span> <span class='ocrx_word' id='word_1_229' title='bbox 356 2719 419 2802; x_wconf 91' lang='lat' dir='ltr'>ipsi</span> <span class='ocrx_word' id='word_1_230' title='bbox 439 2742 472 2784; x_wconf 89' lang='lat' dir='ltr'>se</span> <span class='ocrx_word' id='word_1_231' title='bbox 491 2720 689 2784; x_wconf 88' lang='lat' dir='ltr'>existimant:</span> <span class='ocrx_word' id='word_1_232' title='bbox 708 2715 813 2803; x_wconf 90' lang='lat' dir='ltr'>qualis</span> <span class='ocrx_word' id='word_1_233' title='bbox 827 2719 890 2784; x_wconf 84' lang='lat' dir='ltr'>fuit</span> <span class='ocrx_word' id='word_1_234' title='bbox 903 2716 1123 2803; x_wconf 82' lang='lat' dir='ltr'>Apollodorus</span> 
     </span>
    </p>
   </div>
   <div class='ocr_carea' id='block_1_4' title="bbox 96 2892 1129 3589">
    <p class='ocr_par' dir='ltr' id='par_1_6' title="bbox 96 2892 1129 3589">
     <span class='ocr_line' id='line_1_30' title="bbox 188 2892 1125 2964; baseline 0.001 -18"><span class='ocrx_word' id='word_1_235' title='bbox 188 2892 206 2946; x_wconf 78' lang='lat' dir='ltr'>t</span> <span class='ocrx_word' id='word_1_236' title='bbox 221 2900 285 2962; x_wconf 76' lang='lat' dir='ltr'>post</span> <span class='ocrx_word' id='word_1_237' title='bbox 302 2893 424 2948; x_wconf 87' lang='lat' dir='ltr'>iniuriae</span> <span class='ocrx_word' id='word_1_238' title='bbox 442 2895 551 2964; x_wconf 84' lang='lat' dir='ltr'>species</span> <span class='ocrx_word' id='word_1_239' title='bbox 568 2895 724 2964; x_wconf 72' lang='lat' dir='ltr'>Stephanae</span> <span class='ocrx_word' id='word_1_240' title='bbox 737 2901 763 2950; x_wconf 83' lang='lat' dir='ltr'>et</span> <span class='ocrx_word' id='word_1_241' title='bbox 775 2911 864 2964; x_wconf 71' lang='lat' dir='ltr'>napa</span> <span class='ocrx_word' id='word_1_242' title='bbox 878 2894 1002 2950; x_wconf 75' lang='lat' dir='ltr'>Karsten</span> <span class='ocrx_word' id='word_1_243' title='bbox 1019 2893 1125 2948; x_wconf 88' lang='lat' dir='ltr'>iniuria</span> 
     </span>
     <span class='ocr_line' id='line_1_31' title="bbox 99 2964 1123 3091; baseline 0.003 -73"><span class='ocrx_word' id='word_1_244' title='bbox 99 2964 142 3018; x_wconf 81' lang='lat' dir='ltr'>eet</span> <span class='ocrx_word' id='word_1_245' title='bbox 167 2964 325 3020; x_wconf 79' lang='lat' dir='ltr'>addendam</span> <span class='ocrx_word' id='word_1_246' title='bbox 349 2981 404 3020; x_wconf 78' lang='lat' dir='ltr'>cese</span> <span class='ocrx_word' id='word_1_247' title='bbox 426 2972 549 3033; x_wconf 56' lang='lat' dir='ltr'>censeam</span> <span class='ocrx_word' id='word_1_248' title='bbox 569 2982 628 3020; x_wconf 80' lang='lat' dir='ltr'>aaa</span> <span class='ocrx_word' id='word_1_249' title='bbox 650 2966 748 3022; x_wconf 80' lang='lat' dir='ltr'>accedo</span> <span class='ocrx_word' id='word_1_250' title='bbox 764 2964 792 3091; x_wconf 48' lang='lat' dir='ltr'>p</span> <span class='ocrx_word' id='word_1_251' title='bbox 807 2965 842 3019; x_wconf 80' lang='lat' dir='ltr'>lt</span> <span class='ocrx_word' id='word_1_252' title='bbox 861 2966 992 3034; x_wconf 82' lang='lat' dir='ltr'>oporteat</span> <span class='ocrx_word' id='word_1_253' title='bbox 1010 2966 1037 3020; x_wconf 89' lang='lat' dir='ltr'><strong><em>L</em></strong></span> <span class='ocrx_word' id='word_1_254' title='bbox 1054 2966 1123 3036; x_wconf 69' lang='lat' dir='ltr'>vota.</span> 
     </span>
     <span class='ocr_line' id='line_1_32' title="bbox 99 3034 1124 3108; baseline 0.002 -20"><span class='ocrx_word' id='word_1_255' title='bbox 99 3036 211 3104; x_wconf 86' lang='lat' dir='ltr'>oportet</span> <span class='ocrx_word' id='word_1_256' title='bbox 231 3037 259 3092; x_wconf 98' lang='lat' dir='ltr'><strong><em>A</em></strong></span> <span class='ocrx_word' id='word_1_257' title='bbox 284 3035 294 3108; x_wconf 70' lang='lat' dir='ltr'>tt</span> <span class='ocrx_word' id='word_1_258' title='bbox 317 3034 352 3090; x_wconf 77' lang='lat'>21</span> <span class='ocrx_word' id='word_1_259' title='bbox 378 3036 597 3091; x_wconf 82' lang='lat' dir='ltr'>intentationem</span> <span class='ocrx_word' id='word_1_260' title='bbox 620 3035 745 3091; x_wconf 85' lang='lat' dir='ltr'>subitam</span> <span class='ocrx_word' id='word_1_261' title='bbox 816 3043 849 3091; x_wconf 84' lang='lat' dir='ltr'>at</span> <span class='ocrx_word' id='word_1_262' title='bbox 870 3037 939 3106; x_wconf 65' lang='lat' dir='ltr'>cola.</span> <span class='ocrx_word' id='word_1_263' title='bbox 962 3037 1124 3105; x_wconf 79' lang='lat' dir='ltr'>inpotente-</span> 
     </span>
     <span class='ocr_line' id='line_1_33' title="bbox 97 3105 1124 3181; baseline 0.002 -21"><span class='ocrx_word' id='word_1_264' title='bbox 97 3106 205 3160; x_wconf 89' lang='lat' dir='ltr'>tionem</span> <span class='ocrx_word' id='word_1_265' title='bbox 231 3105 326 3161; x_wconf 83' lang='lat' dir='ltr'>subita</span> <span class='ocrx_word' id='word_1_266' title='bbox 348 3109 376 3164; x_wconf 92' lang='lat' dir='ltr'><strong><em>A</em></strong></span> <span class='ocrx_word' id='word_1_267' title='bbox 403 3107 413 3181; x_wconf 82' lang='grc' dir='ltr'>Η</span> <span class='ocrx_word' id='word_1_268' title='bbox 439 3107 476 3162; x_wconf 80' lang='lat'>24</span> <span class='ocrx_word' id='word_1_269' title='bbox 497 3115 562 3177; x_wconf 82' lang='lat' dir='ltr'>poet</span> <span class='ocrx_word' id='word_1_270' title='bbox 585 3125 607 3162; x_wconf 86' lang='lat' dir='ltr'>c.</span> <span class='ocrx_word' id='word_1_271' title='bbox 627 3109 678 3164; x_wconf 90' lang='lat' dir='ltr'>IV</span> <span class='ocrx_word' id='word_1_272' title='bbox 699 3109 816 3164; x_wconf 76' lang='lat' dir='ltr'>lacunae</span> <span class='ocrx_word' id='word_1_273' title='bbox 840 3109 950 3179; x_wconf 62' lang='lat' dir='ltr'>dynam</span> <span class='ocrx_word' id='word_1_274' title='bbox 970 3115 1124 3177; x_wconf 75' lang='lat' dir='ltr'>peramat</span> 
     </span>
     <span class='ocr_line' id='line_1_34' title="bbox 98 3177 1126 3249; baseline 0.002 -17"><span class='ocrx_word' id='word_1_275' title='bbox 98 3177 215 3247; x_wconf 75' lang='lat' dir='ltr'>Lipsiae</span> <span class='ocrx_word' id='word_1_276' title='bbox 228 3185 254 3234; x_wconf 83' lang='lat' dir='ltr'>et</span> <span class='ocrx_word' id='word_1_277' title='bbox 269 3179 364 3245; x_wconf 72' lang='lat' dir='ltr'>Gertz,</span> <span class='ocrx_word' id='word_1_278' title='bbox 382 3178 429 3234; x_wconf 76' lang='lat' dir='ltr'>aad</span> <span class='ocrx_word' id='word_1_279' title='bbox 446 3180 509 3234; x_wconf 83' lang='lat' dir='ltr'>etde</span> <span class='ocrx_word' id='word_1_280' title='bbox 525 3189 595 3248; x_wconf 79' lang='lat' dir='ltr'>qaae</span> <span class='ocrx_word' id='word_1_281' title='bbox 610 3186 707 3236; x_wconf 72' lang='lat' dir='ltr'>contra</span> <span class='ocrx_word' id='word_1_282' title='bbox 721 3196 765 3235; x_wconf 80' lang='lat' dir='ltr'>eor</span> <span class='ocrx_word' id='word_1_283' title='bbox 778 3179 840 3235; x_wconf 74' lang='lat' dir='ltr'>aot.</span> <span class='ocrx_word' id='word_1_284' title='bbox 852 3179 959 3235; x_wconf 79' lang='lat' dir='ltr'>Mtlter</span> <span class='ocrx_word' id='word_1_285' title='bbox 972 3180 1126 3249; x_wconf 79' lang='lat' dir='ltr'>dirpatacit</span> 
     </span>
     <span class='ocr_line' id='line_1_35' title="bbox 98 3249 1124 3335; baseline 0 -31"><span class='ocrx_word' id='word_1_286' title='bbox 98 3250 130 3304; x_wconf 74' lang='lat' dir='ltr'>tn</span> <span class='ocrx_word' id='word_1_287' title='bbox 147 3251 218 3305; x_wconf 75' lang='lat' dir='ltr'>catto</span> <span class='ocrx_word' id='word_1_288' title='bbox 235 3251 330 3305; x_wconf 80' lang='lat' dir='ltr'>Acad..</span> <span class='ocrx_word' id='word_1_289' title='bbox 346 3251 461 3307; x_wconf 81' lang='lat' dir='ltr'>Viadob.</span> <span class='ocrx_word' id='word_1_290' title='bbox 481 3251 621 3307; x_wconf 75' lang='lat' dir='ltr'><strong><em>CXVIII</em></strong></span> <span class='ocrx_word' id='word_1_291' title='bbox 635 3255 707 3307; x_wconf 83' lang='grc'><em>1889</em></span> <span class='ocrx_word' id='word_1_292' title='bbox 725 3254 804 3321; x_wconf 81' lang='lat' dir='ltr'>p.13</span> <span class='ocrx_word' id='word_1_293' title='bbox 828 3249 840 3335; x_wconf 69' lang='lat' dir='ltr'>tl</span> <span class='ocrx_word' id='word_1_294' title='bbox 862 3250 899 3305; x_wconf 74' lang='lat'>25</span> <span class='ocrx_word' id='word_1_295' title='bbox 920 3250 942 3304; x_wconf 88' lang='lat' dir='ltr'>ii</span> <span class='ocrx_word' id='word_1_296' title='bbox 964 3251 1124 3322; x_wconf 73' lang='lat' dir='ltr'>Wesenberp</span> 
     </span>
     <span class='ocr_line' id='line_1_36' title="bbox 97 3319 1123 3395; baseline 0.004 -23"><span class='ocrx_word' id='word_1_297' title='bbox 97 3319 146 3374; x_wconf 89' lang='lat' dir='ltr'>hic</span> <span class='ocrx_word' id='word_1_298' title='bbox 166 3321 195 3376; x_wconf 86' lang='lat' dir='ltr'><strong><em>A</em></strong></span> <span class='ocrx_word' id='word_1_299' title='bbox 217 3322 265 3377; x_wconf 83' lang='lat' dir='ltr'>sed</span> <span class='ocrx_word' id='word_1_300' title='bbox 287 3338 303 3377; x_wconf 87' lang='lat' dir='ltr'>e</span> <span class='ocrx_word' id='word_1_301' title='bbox 326 3339 360 3376; x_wconf 79' lang='lat' dir='ltr'>aa</span> <span class='ocrx_word' id='word_1_302' title='bbox 381 3323 392 3375; x_wconf 89' lang='lat' dir='ltr'>i</span> <span class='ocrx_word' id='word_1_303' title='bbox 416 3339 485 3379; x_wconf 84' lang='lat' dir='ltr'>corr.</span> <span class='ocrx_word' id='word_1_304' title='bbox 507 3324 543 3378; x_wconf 86' lang='lat' dir='ltr'>at.</span> <span class='ocrx_word' id='word_1_305' title='bbox 564 3340 639 3377; x_wconf 82' lang='lat' dir='ltr'>maa.</span> <span class='ocrx_word' id='word_1_306' title='bbox 666 3321 677 3395; x_wconf 74' lang='grc' dir='ltr'>Η</span> <span class='ocrx_word' id='word_1_307' title='bbox 703 3321 740 3378; x_wconf 78' lang='grc'>26</span> <span class='ocrx_word' id='word_1_308' title='bbox 762 3324 896 3377; x_wconf 86' lang='lat' dir='ltr'>saemunt</span> <span class='ocrx_word' id='word_1_309' title='bbox 913 3323 940 3377; x_wconf 89' lang='lat' dir='ltr'><strong><em>L</em></strong></span> <span class='ocrx_word' id='word_1_310' title='bbox 963 3328 988 3377; x_wconf 85' lang='lat' dir='ltr'>et</span> <span class='ocrx_word' id='word_1_311' title='bbox 1004 3323 1074 3392; x_wconf 74' lang='lat' dir='ltr'>vota.</span> <span class='ocrx_word' id='word_1_312' title='bbox 1093 3338 1123 3376; x_wconf 86' lang='lat' dir='ltr'>ee</span> 
     </span>
     <span class='ocr_line' id='line_1_37' title="bbox 97 3391 1124 3467; baseline 0.005 -24"><span class='ocrx_word' id='word_1_313' title='bbox 97 3392 201 3446; x_wconf 85' lang='lat' dir='ltr'>uiuunt</span> <span class='ocrx_word' id='word_1_314' title='bbox 219 3394 247 3447; x_wconf 95' lang='lat' dir='ltr'><strong><em>A</em></strong></span> <span class='ocrx_word' id='word_1_315' title='bbox 274 3392 284 3466; x_wconf 68' lang='lat' dir='ltr'>lt</span> <span class='ocrx_word' id='word_1_316' title='bbox 311 3391 347 3447; x_wconf 74' lang='lat'>28</span> <span class='ocrx_word' id='word_1_317' title='bbox 367 3394 424 3463; x_wconf 85' lang='lat' dir='ltr'>ipsi</span> <span class='ocrx_word' id='word_1_318' title='bbox 436 3411 472 3449; x_wconf 88' lang='lat' dir='ltr'>-se</span> <span class='ocrx_word' id='word_1_319' title='bbox 492 3394 575 3450; x_wconf 72' lang='lat' dir='ltr'>Gertz</span> <span class='ocrx_word' id='word_1_320' title='bbox 597 3394 675 3463; x_wconf 86' lang='lat' dir='ltr'>ipsos</span> <span class='ocrx_word' id='word_1_321' title='bbox 693 3395 722 3450; x_wconf 86' lang='lat' dir='ltr'><strong><em>A</em></strong></span> <span class='ocrx_word' id='word_1_322' title='bbox 752 3394 755 3467; x_wconf 68' lang='lat' dir='ltr'>t</span> <span class='ocrx_word' id='word_1_323' title='bbox 786 3393 1020 3466; x_wconf 57' lang='lat' dir='ltr'>apollo„dols,&#39;rus</span> <span class='ocrx_word' id='word_1_324' title='bbox 1047 3394 1124 3462; x_wconf 86' lang='lat' dir='ltr'>apud</span> 
     </span>
     <span class='ocr_line' id='line_1_38' title="bbox 96 3461 1129 3589; baseline -0.001 -73"><span class='ocrx_word' id='word_1_325' title='bbox 96 3461 225 3587; x_wconf 47' lang='lat' dir='ltr'>pipeparis</span> <span class='ocrx_word' id='word_1_326' title='bbox 239 3466 315 3589; x_wconf 74' lang='lat' dir='ltr'>AL(2</span> <span class='ocrx_word' id='word_1_327' title='bbox 333 3465 384 3521; x_wconf 85' lang='lat' dir='ltr'>titt.</span> <span class='ocrx_word' id='word_1_328' title='bbox 400 3483 469 3522; x_wconf 77' lang='lat' dir='ltr'>erae</span> <span class='ocrx_word' id='word_1_329' title='bbox 486 3467 551 3534; x_wconf 83' lang='lat' dir='ltr'>fort.</span> <span class='ocrx_word' id='word_1_330' title='bbox 570 3465 611 3534; x_wconf 69' lang='lat'>103</span> <span class='ocrx_word' id='word_1_331' title='bbox 631 3465 699 3522; x_wconf 80' lang='lat' dir='ltr'>dea</span> <span class='ocrx_word' id='word_1_332' title='bbox 712 3467 726 3520; x_wconf 90' lang='lat' dir='ltr'>t</span> <span class='ocrx_word' id='word_1_333' title='bbox 739 3467 819 3536; x_wconf 81' lang='lat' dir='ltr'>corr.)</span> <span class='ocrx_word' id='word_1_334' title='bbox 837 3465 1027 3534; x_wconf 81' lang='lat' dir='ltr'>Apollodorus</span> <span class='ocrx_word' id='word_1_335' title='bbox 1046 3464 1129 3530; x_wconf 74' lang='lat' dir='ltr'>apud</span> 
     </span>
    </p>

    <p class='ocr_par' dir='ltr' id='par_1_7' title="bbox 141 3548 242 3588">
     <span class='ocr_line' id='line_1_39' title="bbox 141 3548 242 3588; baseline 0.01 -1"><span class='ocrx_word' id='word_1_336' title='bbox 141 3548 242 3588; x_wconf 85' lang='lat' dir='ltr'>aanm</span> 
     </span>
    </p>
   </div>
   <div class='ocr_carea' id='block_1_5' title="bbox 0 0 1224 3846">
    <p class='ocr_par' dir='ltr' id='par_1_8' title="bbox 0 0 1224 3846">
     <span class='ocr_line' id='line_1_40' title="bbox 0 0 1224 3846; baseline 0 1"><span class='ocrx_word' id='word_1_337' title='bbox 0 0 1224 3846; x_wconf 95' lang='lat' dir='ltr'> </span> 
     </span>
    </p>
   </div>
  </div>
 </body>
</html>
