2438 3846
382 145 432 201 DE
450 144 515 200 IRA
532 145 599 202 ΗΒ.
615 144 661 200 ΠΙ.
695 144 772 203 GAP.
788 152 845 204 Ab
1062 153 1125 221 113

104 292 303 359 iracundiam
326 292 435 359 dicant
457 295 491 358 et
512 292 611 379 wigo
630 291 779 358 credatur
796 293 970 361 facillimus
989 295 1124 382 quisque

104 382 181 448 huic
206 381 374 448 obnoxius.
634 381 638 387 '

194 469 234 537 V.
271 466 450 548 ‘Quorsus'
470 470 579 555 inquis
603 470 681 537 ‘hoe
703 470 881 556 pertinet‘?'
921 477 959 539 ut
975 496 1071 540 nemo
1090 497 1124 541 se
1144 492 1158 543 1

104 560 224 627 iudicet
254 563 363 626 tutum
395 560 434 625 ab
467 559 538 644 illa,
566 580 640 626 cum
669 561 758 626 lenes
789 583 918 647 quoque
947 567 1063 629 natura
1092 569 1125 630 et

73 651 248 735 splaoidos
277 649 314 714 in
340 649 505 715 saevitiam
533 671 572 715 ao
598 648 785 715 violentiam
808 655 928 717 evocet.
975 653 1125 736 quemad·

104 739 236 805 modum
269 739 421 805 adversus
453 738 670 823 pestilentiam
700 738 784 804 nihil
819 740 952 825 prodest
987 741 1124 808 firmitas

105 829 248 914 corporis
267 832 300 893 et
317 827 454 914 diligens
472 827 665 894 valetudinis
684 849 762 894 cura
774 865 820 876 -·
837 830 1020 914 promiscue
1038 833 1125 897 euim

104 918 254 984 inbecilla
284 918 480 1002 robustaque
512 916 637 982 invadit
667 954 725 1002 —,
757 917 804 984 ita
833 918 873 984 ab
903 918 953 985 ira
980 923 1048 986 tam
1078 921 1125 986 in·

105 1007 221 1093 quietis
244 1007 388 1072 moribus
411 1006 590 1091 periculum
614 1010 663 1072 est
685 1027 782 1090 quam
811 1009 999 1093 compositis
1023 1013 1056 1076 et
1077 1032 1125 1076 re·

60 1097 223 1180 1omissis,
247 1096 364 1181 quibus
388 1117 426 1161 eo
450 1095 577 1181 turpior
599 1117 637 1161 ac
657 1096 868 1181 periculosior
886 1101 947 1182 est,
967 1120 1031 1183 quo
1050 1100 1124 1184 plus

11 1220 13 1223 v
103 1187 138 1250 in
160 1185 225 1250 illis
248 1188 361 1251 mutat.
398 1184 454 1250 sed
477 1206 551 1251 cum
574 1185 715 1270 primum
739 1186 870 1252 sitnon
887 1187 995 1272 irasci,
1015 1207 1159 1256 secun-a

104 1275 181 1339 dum
217 1274 376 1358 desinere,
410 1274 543 1340 tertium
578 1274 701 1340 alienae
733 1294 862 1360 quoque
898 1276 964 1342 irae
996 1277 1124 1363 mederi,

19 1365 21 1370 ’
103 1363 208 1429 dicam
231 1363 372 1448 primurn
395 1363 665 1447 quemadmodum
688 1364 723 1428 in
745 1364 827 1430 iram
848 1387 916 1431 non
936 1365 1124 1452 incidamus,
1171 1365 1196 1414 ⁹

104 1452 217 1518 deinde
241 1451 511 1537 quemadmodum
528 1474 589 1518 nos
608 1453 649 1518 ab
666 1452 724 1518 illa
741 1453 927 1539 libaremus,
950 1457 1124 1522 novissime

59 1565 84 1604 15
104 1541 374 1627 quemadmodum
402 1542 591 1608 irascentem
620 1543 814 1609 retineamus
842 1545 1069 1630 placemusque
1093 1549 1125 1610 et

103 1632 143 1697 ad
167 1632 337 1697 sanitatem
360 1630 560 1697 reducamus.

191 1720 242 1787 Ne
272 1721 449 1786 irascamur
478 1721 725 1806 praestabimus,
755 1721 783 1787 si
813 1722 922 1787 omnia
949 1723 1030 1788 vitia
1058 1724 1159 1790 iraea

102 1810 196 1876 nobis
215 1809 350 1877 subinde
370 1809 632 1896 proposuerimus
652 1814 685 1875 et
702 1810 792 1876 illam
810 1810 891 1878 bene
910 1811 1124 1878 aestimaveri-

103 1922 184 1966 mus.
204 1899 400 1974 ‚acousanda
423 1903 472 1966 est
489 1903 569 1984 aput
586 1921 659 1983 nos,
679 1899 872 1986 damnanda3
894 1902 1125 1986 perscrutanda

57 2013 84 2052 ro
102 1989 171 2055 eius
201 1990 286 2055 mala
314 1994 348 2054 et
376 1989 411 2055 in
437 1989 580 2055 medium
601 1989 821 2074 protrahenda
843 1994 932 2075 sunt3
959 1994 997 2056 ut
1020 1991 1124 2076 qualis

103 2079 146 2144 sit
175 2082 341 2164 appareat,
370 2077 586 2163 comparanda
615 2100 689 2143 cum
716 2079 863 2164 pessimis
887 2083 944 2145 est.
990 2081 1159 2147 avaritiae

103 2167 244 2252 adquirit
275 2172 307 2232 et
339 2167 514 2252 contrahit,
544 2188 609 2252 quo
637 2167 754 2253 aliquis
781 2168 896 2234 melior
922 2172 1046 2254 utatur,
1075 2170 1124 2239 ira

102 2257 262 2342 inpendit,
285 2257 396 2342 paucis
419 2256 561 2344 gratuita
583 2259 646 2322 est:
676 2253 849 2324 iracundus
873 2257 1022 2324 dominus
1043 2264 1124 2344 quot

102 2347 137 2411 in
166 2346 277 2434 fugam
307 2368 416 2412 servos
444 2346 523 2434 egit,
547 2349 627 2432 quot
649 2345 684 2411 in
707 2348 858 2414 mortem!
905 2348 1123 2433 quantoplus

56 2435 270 2502 renascendo
306 2456 402 2519 quam
437 2435 471 2501 id
508 2439 591 2520 erat,
625 2440 758 2521 propter
794 2436 881 2521 quod
917 2437 1123 2523 irascebatur,

103 2525 223 2591 amisit!
278 2525 326 2589 ira
357 2524 442 2608 patri
472 2526 611 2609 luctum,
641 2525 757 2591 marito
792 2525 968 2592 divortium
1004 2526 1123 2612 attulit,

102 2613 306 2700 magistratui
324 2613 447 2698 odium,
465 2613 635 2682 candidato
653 2616 823 2699 repulsam.
856 2615 949 2700 peior
961 2620 1011 2681 est
1024 2638 1121 2701 quam
1141 2633 1157 2682 ὁ

101 2704 244 2788 luxuria,
266 2703 419 2787 quoniam
437 2703 494 2768 illa
511 2725 570 2769 sua
585 2703 753 2788 voluptate
770 2702 901 2789 fruitur,
919 2705 999 2771 haee
1017 2705 1122 2771 alieno

103 2794 221 2859 dolore.
273 2792 375 2857 vincit
403 2788 636 2879 malignitatem
666 2797 699 2858 et
727 2793 895 2859 invidiam:
931 2794 1006 2861 illae
1036 2795 1122 2861 enim

57 2904 85 2946 ao
101 2881 263 2949 infelicem
286 2881 356 2946 fieri
378 2882 507 2966 volunt,
528 2881 609 2949 haec
630 2882 749 2968 facere3
771 2883 845 2948 illae
866 2882 1010 2950 fortuitis
1029 2884 1121 2957 malis

103 2971 310 3056 delectantur,
328 2971 408 3036 haec
424 2993 492 3036 uon
507 2975 615 3056 potest
628 2976 796 3058 expectare
810 2972 988 3040 fortunam:
1005 2996 1122 3041 nocere

191 3165 209 3220 2
223 3165 415 3233 <maxime>
429 3164 495 3219 huic
510 3163 647 3220 obnoxius
660 3168 794 3236 proponit
806 3167 985 3242 Wesenberpu
998 3167 1034 3223 1⁰
1047 3169 1122 3238 peri·

102 3237 223 3292 culosicr
241 3238 269 3292 A
293 3236 478 3306 perniciosior
501 3237 604 3293 mavolt
623 3237 705 3294 Geta
727 3245 877 3295 coercete
899 3238 911 3311 ΙΙ
935 3238 971 3295 12
994 3239 1121 3294 desinere

104 3309 215 3364 &onoc
234 3308 360 3364 detinere
374 3309 436 3363 AL
452 3308 464 3381 Η
480 3307 517 3363 20
530 3315 596 3378 poet
612 3309 734 3365 malain
748 3311 776 3366 A
792 3317 843 3365 rat
852 3311 948 3368 ‘littera
961 3312 1057 3382 aliquo
1071 3319 1122 3368 aut

97 3387 233 3449 amcam
251 3396 360 3436 erasum
378 3386 417 3435 est
434 3379 444 3452 Η
461 3379 498 3434 22
516 3379 592 3455 quos)
604 3382 632 3437 A
649 3381 680 3452 (d
698 3383 779 3451 eras.)
796 3380 807 3453 11
826 3380 863 3437 22
880 3383 1012 3453 inpendit
1025 3384 1122 3439 Mares

101 3450 229 3506 incendit
248 3454 277 3506 A
303 3450 348 3505 ira
374 3451 517 3520 inpendit,
545 3469 596 3523 pro
622 3453 686 3523 quis
711 3456 842 3524 massata
867 3456 911 3508 est
933 3453 1132 3522 Petecteaiqii

101 3521 137 3577 28
155 3531 182 3579 et
198 3521 237 3577 24
254 3525 324 3592 quot
342 3535 359 3577 s
376 3523 452 3591 quod
467 3524 495 3579 A
513 3524 652 3594 quosdam
671 3526 697 3582 L
714 3531 749 3583 ut
764 3525 841 3597 uotq.

152 3615 617 3682 Seusamorasr1.1.edllsr'mss.
919 3634 944 3682 b
