2438 3846
110 130 174 197 146
313 128 342 183 u.
358 125 501 181 Annam
520 100 685 181 sennenn
704 125 799 180 omn,
814 124 881 180 um.
897 127 930 181 v.

109 295 238 340 eausam
267 273 302 337 in
331 273 472 338 frontem
501 272 639 337 mediam
667 276 823 357 quantum
847 276 974 357 poterat
997 277 1135 340 attracta

109 363 224 449 pingui
243 362 345 428 saliva
362 362 538 446 inspuisset
555 359 712 427 Lentulus
732 362 787 427 ille
806 365 935 446 patrum
948 366 1134 429 nostrorum

109 452 265 518 memoria
300 452 455 518 faotiosus
493 455 525 516 et
560 451 724 536 inpotens,
759 451 910 517 abstersit
940 451 1056 518 faeiem
1088 456 1160 522 etz,

111 539 318 607 ‘adfirmabo'
341 541 448 625 inquit
476 539 655 624 ‘omnibus,
678 538 827 625 Lentule,
850 541 921 606 falli
944 562 998 607 eos
1023 542 1133 626 quite

111 634 232 718 negant
252 653 290 696 os
312 629 451 696 habere?
1165 650 1178 692 a

72 757 86 805 1
198 735 346 802 XXXIX.
385 735 531 822 Contigit
552 737 617 802 iam
640 737 748 821 nobis,
775 735 916 821 Novate,
939 738 1020 802 bene
1047 759 1134 804 eom·

31 833 32 837 ’
108 847 228 911 ponere
246 827 403 891 animum:
427 829 567 892 autnon
586 828 684 892 sentit
702 825 901 892 iracundiam
917 831 973 891 aut
988 828 1134 912 superior

108 919 164 981 est.
211 916 376 982 videamus
407 915 579 1000 quomodo.
598 916 737 981 alienam
765 917 846 980 iram
871 913 1045 1001 leniamus,
1073 938 1134 982 nee

108 1006 194 1071 enim
218 1007 288 1071 sani
311 1028 379 1072 esse
402 1009 529 1070 tantum
552 1005 716 1088 volumus,
740 1005 796 1070 sed
819 1026 939 1070 sanare.

71 1113 87 1161 2
197 1094 340 1160 Primam
372 1095 453 1160 iram
484 1116 552 1158 non
584 1093 772 1159 audebimus
805 1095 949 1160 oratione
979 1095 1134 1162 mulsere:
1153 1117 1179 1156 ro

108 1184 205 1249 surda
228 1189 277 1248 est
300 1187 333 1248 et
355 1206 478 1267 amens3
502 1181 648 1248 dabimus
672 1181 722 1247 illi
745 1183 894 1267 spatium.
935 1184 1077 1249 remedia
1099 1186 1134 1249 in

107 1272 350 1338 remissionibus
374 1275 524 1358 prosunt,
547 1293 607 1337 nee
630 1273 742 1338 oeulos
764 1273 919 1337 tumentis
937 1276 1133 1358 temptamus

108 1363 175 1427 vim
193 1362 351 1448 rigentem
369 1362 528 1427 movendo
547 1361 727 1446 imitaturi,
744 1382 805 1427 neo
823 1366 928 1427 cetera
946 1363 1039 1446 vitia,
1057 1362 1134 1428 dum

72 1452 246 1516 afervent:
283 1452 377 1516 initia
394 1451 595 1516 ,morborum
628 1451 719 1535 quies
753 1455 851 1517 eurat.
907 1451 1133 1536 ‘quantulum'
1193 1487 1197 1498 ·

108 1542 215 1624 inquis
248 1540 396 1625 ‘prodest
425 1539 602 1604 remedium
631 1542 738 1624 tuum,
768 1541 796 1606 si
824 1563 882 1605 sua
910 1544 1025 1625 sponte
1053 1540 1134 1606 desi·
1152 1560 1179 1602 ra

106 1634 236 1694 nentem
255 1630 336 1694 iram
354 1628 490 1714 plaeatl'
528 1629 683 1714 primum,
702 1633 739 1694 ut
757 1629 853 1694 eitius
868 1630 1005 1712 desinat,
1020 1629 1134 1714 efficit,

107 1718 221 1783 deinde
252 1718 406 1803 custodit,
436 1741 477 1783 ne
506 1718 661 1802 reccidat,
683 1719 791 1803 ipsum
815 1739 943 1802 quoque
966 1719 1135 1804 impetum,

108 1830 203 1892 quem
231 1831 298 1873 non
325 1809 422 1874 audet
447 1809 562 1892 lenire,
589 1808 695 1872 falletz'
725 1808 904 1873 removebit
927 1809 1036 1873 omnia
1058 1809 1134 1874 ulti-

108 1898 178 1962 onis
201 1899 429 1982 instrumenta,
452 1897 617 1963 simulabit
640 1899 734 1981 iram,
757 1900 794 1961 ut
816 1900 982 1982 tamquam
1005 1898 1135 1963 adiutor

107 1990 140 2051 et
169 1985 291 2052 doloris
319 2008 426 2053 eomes
454 1986 528 2071 plus
557 1987 759 2052 auctoritatis
782 1987 817 2050 in
840 1987 984 2052 consiliis
1007 1987 1133 2070 habeat,
1151 2006 1179 2047 ao

108 2097 214 2140 moras
237 2078 346 2140 neotet
367 2079 412 2160 et,
439 2076 516 2139 dum
540 2076 695 2140 maiorem
718 2097 856 2160 poenam
879 2076 1020 2159 quaerit,
1043 2097 1133 2160 prae-

72 2168 230 2228 4sentem
263 2164 396 2229 differet
443 2164 531 2228 omni
564 2169 631 2228 arte
663 2166 807 2248 requiem
838 2165 941 2234 furori
971 2165 1073 2229 dabit:
1106 2166 1134 2231 si

107 2254 328 2319 vehementior
359 2254 433 2338 erit,
466 2256 522 2317 aut
554 2254 710 2337 pudorem
743 2253 792 2317 illi
824 2254 877 2318 oui
908 2275 976 2318 non
1005 2255 1135 2319 resistat

108 2343 243 2408 incutiet
266 2346 323 2408 aut
346 2347 481 2427 metum,
511 2343 538 2407 si
561 2343 734 2426 infirmior,
758 2363 920 2408 sermones
942 2342 1059 2407 inferet
1082 2343 1134 2408 vel

109 2436 217 2518 gratos
250 2433 303 2497 vel
331 2454 434 2497 novos
464 2435 497 2496 et
526 2432 703 2517 eupiditate
733 2431 948 2518 cognoscendi
976 2433 1132 2498 avocabit.
1152 2450 1178 2493 aa

109 2521 269 2586 medioum
299 2521 403 2604 aiunt,
434 2542 507 2586 eum
535 2523 620 2607 regis
650 2521 752 2586 filiam
779 2543 890 2586 aurare
918 2520 1047 2587 deberet
1073 2544 1133 2588 nee

109 2610 177 2675 sine
214 2609 299 2674 ferro
336 2612 459 2694 posset,
494 2608 571 2674 dum
602 2613 781 2675 tumentem
813 2630 986 2675 mammam
1017 2611 1134 2676 leniter

108 2698 210 2782 fovet,
225 2699 414 2783 scalpellum
429 2721 573 2785 spongea
585 2702 707 2764 teetum
722 2698 899 2764 induxisse:
921 2703 1133 2786 repugnasset

108 2788 216 2872 puella
248 2788 389 2854 remedio
422 2787 529 2873 palam
560 2787 704 2871 admoto,
734 2788 857 2872 eadem,
888 2790 964 2872 quia
990 2810 1058 2853 non
1080 2811 1132 2853 ex·

108 2876 262 2961 pectavit,
295 2877 440 2943 dolorem
472 2878 555 2942 tulit.
616 2876 773 2960 quaedam
805 2899 872 2942 non
903 2878 966 2942 nisi
999 2877 1132 2962 decepta
1151 2896 1178 2937 eo

109 2969 269 3031 sanantur.

75 3090 87 3136 1
198 3071 263 3137 XL.
299 3071 403 3139 Alteri
427 3075 525 3139 diues:
550 3074 639 3139 ‘vide
661 3097 702 3139 ne
725 3073 864 3138 inimicis
888 3072 1053 3138 iracundia
1075 3077 1131 3137 tua

63 3170 68 3177 ’
108 3162 270 3246 voluptati
300 3162 366 3246 sit',
403 3163 508 3228 alteri:
546 3164 633 3229 ‘vide
662 3187 703 3229 ne
733 3162 921 3248 magnitudo
953 3163 1053 3227 animi
1082 3164 1132 3227 tui

199 3355 233 3410 17
252 3356 378 3410 reeoidat
395 3357 424 3411 A
441 3357 452 3430 ll
469 3357 503 3411 21
519 3358 613 3430 querit
627 3359 656 3427 (q
670 3373 705 3413 en
718 3372 734 3412 o
748 3359 829 3425 corr.)
844 3356 872 3410 A
889 3356 899 3428 ll
916 3354 953 3410 24
966 3354 1068 3410 inferet
1080 3354 1132 3409 Ls

108 3424 195 3481 infert
212 3426 326 3554 ,Apim
348 3443 474 3516 spongea
497 3431 525 3485 A
548 3431 598 3499 cfr.
621 3445 681 3498 cop.
703 3433 745 3495 19,
759 3431 777 3483 3
795 3434 820 3482 et
838 3432 856 3482 4
873 3426 883 3498 Η
905 3425 942 3482 80
965 3426 1085 3495 decepta
1103 3428 1131 3481 A

107 3497 236 3566 deeeptrs
283 3499 432 3556 addebatur

7 3600 21 3809 l
