2438 3846
123 193 190 260 214
316 187 345 241 s.
360 183 502 241 suurn
520 181 683 239 suuncsu
702 182 797 236 osan.
812 181 879 237 sus.
893 166 957 236 vnj

124 336 231 401 deesse
257 336 364 417 potest
394 335 482 395 extra
506 329 697 395 desiderium
721 328 865 392 omnium
888 327 1017 411 posito?
1063 330 1142 414 quid

123 424 318 490 extrinsecus
342 441 422 504 opus
446 423 494 485 est
517 418 560 502 ei,
583 418 639 502 qui
663 418 772 482 omnia
795 439 852 482 sua
874 417 909 481 in
932 439 965 483 se
989 418 1142 505 collegit?

124 513 177 581 sed
205 513 248 596 ei,
276 510 333 595 qui
355 509 395 574 ad
417 508 569 573 virtutem
592 507 708 590 tendit,
737 506 833 571 etiam
856 507 883 571 si
906 506 1045 572 multum
1068 530 1141 593 pro·

123 601 231 684 cessit,
254 619 335 684 opus
358 601 407 663 est
424 597 533 680 alique
550 596 698 661 fortunae
717 595 917 680 indulgentia
935 596 1040 663 adhuc
1057 597 1142 664 inter

122 692 262 757 humana
291 687 441 770 luctanti,
470 685 546 750 dum
574 685 696 749 nodum
725 686 818 749 illum
847 686 968 750 exolvit
990 689 1022 751 et
1045 707 1140 753 omne
1173 705 1185 746 e

122 780 285 845 vinculum
308 776 449 840 mortale.
488 775 565 858 quid
589 795 665 860 ergo
689 774 842 839 interest?
879 775 966 857 quod
985 779 1052 840 arte
1071 777 1140 841 alli-

122 868 189 956 gati
213 870 288 933 sunt
310 865 379 947 alii,
402 863 548 947 adstricti
571 863 640 946 alii,
663 863 801 929 districti
825 884 966 948 quoque:
993 865 1060 948 hic,
1083 866 1141 951 qui

122 958 162 1023 ad
185 955 349 1040 superiora
370 973 559 1038 progressus
582 956 631 1018 est
654 956 687 1017 et
710 975 743 1018 se
767 952 862 1018 altius
882 954 1010 1037 extulit,
1033 955 1141 1019 laxam

123 1049 266 1113 catenam
294 1042 394 1107 trahit
422 1042 566 1106 nondum
593 1042 687 1126 liber,
718 1043 782 1106 ism
810 1046 918 1106 tamen
946 1064 1005 1126 pro
1028 1043 1140 1110 libero.

88 1170 102 1219 1
209 1147 312 1214 XVII.
349 1146 385 1213 Si
412 1148 484 1232 quis
514 1147 622 1233 itaque
646 1149 793 1232 existis,
821 1149 877 1233 qui
900 1147 1142 1233 philosophiam
1160 1167 1186 1209 ss

122 1240 314 1321 conlahant,
338 1228 425 1319 quod
448 1236 553 1302 solent
576 1237 705 1302 dixerit:
729 1236 842 1322 ‘quare
865 1259 942 1324 ergo
965 1241 1002 1302 tu
1024 1239 1142 1304 fortius

121 1328 262 1412 loqueris
292 1347 389 1411 quam
416 1324 521 1390 vivis?
566 1348 663 1411 quare
692 1330 724 1391 et
753 1326 911 1410 superiori
938 1327 1035 1392 verba
1057 1348 1143 1393 sum·

122 1417 223 1483 mittis
265 1418 297 1480 et
337 1415 506 1498 pecuniam
542 1416 757 1481 necessarium
793 1415 854 1480 tibi
893 1415 1142 1482 instrumentum

122 1505 285 1572 existimas
315 1507 347 1568 ct
377 1504 493 1568 damno
526 1505 664 1572 moveris
692 1509 723 1570 et
749 1505 899 1570 lacrimas
929 1505 1039 1570 audita
1068 1528 1142 1572 con-

122 1595 206 1747 iugliis
236 1597 293 1695 aut
321 1592 416 1658 amici
433 1593 719 1770 'portemdgemittis
748 1598 780 1659 et
806 1594 941 1747 respiulcip¹
967 1594 1143 1749 famemfitt
1162 1613 1187 1654 ιε

87 1701 154 1751 am
257 1703 271 1746 e
302 1703 441 1746 sermom
464 1705 502 1748 us
609 1703 670 1748 ens
738 1705 836 1767 quere
865 1704 882 1748 c
933 1706 982 1748 rus
1004 1706 1058 1748 rus
1131 1708 1143 1749 1

123 1775 171 1837 est
197 1703 293 1854 {iliam
316 1770 471 1836 naturalis
495 1793 573 1838 usus
597 1771 776 1837 desiderat?
822 1794 879 1837 cur
901 1793 967 1837 non
990 1773 1030 1837 ad
1053 1795 1143 1858 pree-

123 1859 278 1944 scriptum
306 1863 399 1924 tuum
423 1860 540 1926 cenas?
585 1882 643 1927 eur
664 1860 725 1926 tibi
747 1861 881 1926 nitidior
904 1862 1049 1947 supellex
1072 1862 1144 1928 est?

122 1970 179 2015 cur
208 1951 287 2033 aput
317 1952 349 2013 te
376 1948 488 2013 vinum
511 1953 615 2016 estete
638 1954 694 2015 tus
716 1951 874 2017 vetustius
897 1951 1040 2016 bibitur?
1085 1973 1144 2016 cur

121 2037 299 2121 †auruum
326 2037 528 2121 disponitur?
574 2060 632 2104 cur
659 2040 787 2104 arbores
815 2040 898 2104 nihil
924 2043 1050 2124 praeter
1072 2062 1143 2105 um·
1161 2059 1189 2100 so

76 2133 78 2136 ’
121 2126 212 2191 brem
239 2125 369 2192 detruce
397 2127 629 2193 conseruntur?
668 2151 766 2212 quare
788 2150 871 2193 uxor
893 2133 949 2194 tua
970 2129 1143 2213 locupletis

123 2215 236 2281 domus
274 2235 404 2280 censum
441 2217 571 2282 auribus
609 2218 714 2303 gerit?
773 2239 871 2300 quere
906 2218 1144 2304 paedagogium

122 2303 263 2387 pretiosa
299 2308 386 2369 veste
424 2305 644 2393 succingitur?
698 2329 796 2390 quare
831 2308 882 2372 ers
919 2310 969 2373 est
999 2311 1079 2391 aput
1109 2311 1143 2373 te

123 2392 304 2458 ministrare
326 2415 386 2458 nec
407 2397 527 2460 temere
551 2400 584 2461 et
606 2396 745 2461 utlibet
768 2397 955 2462 conlocatur
973 2400 1143 2482 argentum

123 2481 178 2546 sed
214 2481 315 2565 perite
352 2483 487 2548 struitur
522 2488 554 2549 et
585 2489 634 2551 est
665 2485 782 2569 aliquis
818 2485 984 2550 scindendi
1015 2485 1143 2551 obsonii
1161 2503 1188 2544 2⁶

123 2569 313 2655 magister?'
362 2571 464 2656 adice,
495 2574 523 2638 si
550 2575 614 2639 vis:
644 2573 718 2639 ‘cur
744 2577 833 2639 trans
860 2596 948 2639 merc
975 2575 1143 2659 possides?

123 2679 180 2724 cur
202 2659 297 2742 plura
319 2681 416 2743 quam
438 2660 546 2726 nosti?
582 2683 637 2728 cur
653 2661 792 2747 turpiter
810 2666 866 2728 aut
882 2666 950 2728 tem
967 2665 1141 2751 neglegens

212 2831 230 2885 6
248 2833 309 2886 arte
330 2832 411 2888 Gertz
434 2849 497 2889 arne
516 2837 542 2887 A
566 2834 577 2906 11
603 2835 618 2890 7
642 2834 693 2889 alii
711 2837 737 2888 A
763 2835 889 2907 (alteram
906 2836 918 2890 i
935 2837 967 2891 io
984 2837 1044 2905 ipso
1062 2853 1142 2893 casu

124 2902 188 2956 add.
208 2901 258 2972 A⁶)
282 2905 343 2958 arte
366 2903 412 2958 all.
432 2904 579 2974 eunichi,
599 2905 685 2962 adstr.
709 2905 772 2974 elii,
792 2905 871 2961 distr.
891 2924 936 2976 qu.
956 2908 1143 2964 Reitzenstein

124 2974 185 3027 arte
204 2971 250 3027 all.
266 2977 331 3029 sunt
349 2974 412 3041 alii,
432 2976 574 3044 adstricti,
595 2977 669 3049 [alii]
689 2977 767 3033 distr.
783 2995 809 3046 q.
827 2978 908 3033 Gertz
931 2977 982 3032 elii
1000 2977 1047 3033 ell.
1067 2981 1142 3046 sunt,

124 3042 174 3098 slii
189 3043 285 3111 adstr.,
299 3044 350 3099 elii
364 3046 443 3101 distr.
458 3064 484 3116 q.
499 3050 568 3118 culp.
581 3048 584 3119 Ι
602 3047 725 3103 districti
737 3049 807 3119 cole.
822 3047 950 3103 destricti
960 3052 985 3102 A
999 3049 1010 3132 t]
1023 3048 1058 3103 12
1071 3049 1142 3104 vivis

123 3115 191 3184 colu.
210 3115 291 3169 uiues
304 3118 332 3169 A
353 3117 364 3188 tl
386 3116 421 3173 18
440 3119 558 3188 supplex
581 3118 708 3188 supellex
726 3118 766 3172 A¹
783 3119 832 3174 sed
849 3119 968 3188 supplex
986 3120 1035 3175 len.
1050 3126 1143 3176 truns-

122 3201 202 3241 sersa
219 3186 316 3242 delcsd
332 3188 396 3255 sort.
417 3187 457 3242 A¹
478 3189 488 3261 Η
513 3189 549 3245 20
572 3205 691 3244 auruum
709 3191 754 3260 (ur
766 3205 820 3260 per
837 3191 1143 3261 compeccantem

124 3272 142 3310 a
168 3258 276 3329 legiter)
298 3259 325 3312 A
350 3267 481 3330 corrupte.
516 3261 669 3317 emendatio
690 3262 797 3317 insutu
818 3268 870 3317 cst:
895 3262 1000 3316 atrium
1022 3262 1143 3333 Madvig

123 3327 288 3384 viridarium
305 3331 348 3386 vel
364 3331 533 3387 veterarium
549 3333 632 3389 Gertz
648 3348 747 3387 aurum
761 3333 902 3390 Rossbach
914 3333 1063 3389 violarium
1076 3335 1143 3390 olim

124 3399 272 3468 Schultess,
285 3419 361 3457 ausc
374 3402 515 3460 lauretum
532 3404 542 3475 Η
559 3403 594 3460 21
609 3406 792 3461 conseruntur
805 3406 873 3477 colu.
887 3405 953 3461 inde
967 3407 1002 3461 ub
1015 3405 1144 3460 Ercem.¹

114 3475 326 3528 conservantur
342 3474 370 3528 A
396 3474 409 3548 ll
434 3474 471 3531 25
496 3476 614 3532 struitur
636 3477 753 3547 Lipsius
777 3492 822 3532 ser
845 3476 924 3531 uitur
942 3479 970 3530 A
994 3476 1005 3550 tl
1031 3475 1066 3532 27
1092 3493 1143 3533 cur

97 3539 211 3594 added(
222 3545 309 3600 tertre
326 3544 388 3603 loco
