2438 3846
95 188 145 243 AD
161 185 336 241 SERENVM
351 186 400 241 DE
415 184 736 252 TRANQVILLITA'I'E
750 184 859 239 ANIMI
873 184 949 240 cAP.
966 192 980 240 1
1022 188 1088 254 243
1124 136 1137 147 ³

69 335 216 487 querulot
228 337 261 398 et
279 354 407 397 moroso
426 333 551 416 positus
572 352 657 396 sum:
680 353 741 396 nec
759 335 890 417 aegroto
909 353 969 397 nec
988 333 1087 397 valeo.

67 445 134 488 non
168 426 229 506 est,
265 421 351 506 quod
381 421 468 487 dicas
501 421 646 486 omnium
678 421 848 486 virtutium
880 425 990 487 tenera
1019 432 1124 488 essee

66 513 241 598 principia,
262 515 407 595 tempore
431 511 495 576 illis
515 510 739 576 duramentum
758 514 790 575 et
807 511 907 575 robur
925 512 1088 596 accedere,

66 623 134 666 non
151 601 265 688 ignoro
285 601 383 666 etiam
403 622 484 684 quae
502 600 694 684 inspeciem
712 600 873 684 laborant,
898 600 1087 686 dignitatem

36 691 139 756 sdico
174 694 207 756 et
240 689 442 773 eloquentiae
474 689 593 754 famam
627 692 659 754 et
693 689 847 773 quicquid
877 690 917 753 ad
947 691 1087 755 alienum

67 780 257 866 suffragium
280 779 381 863 venit,
409 800 499 843 mora
524 779 745 844 convalescere
769 816 812 825 —
836 781 869 843 et
892 799 973 863 quae
996 801 1087 846 veras

66 869 149 934 vires
177 872 293 953 parant
316 872 348 934 et
371 890 452 951 quae
475 869 516 932 ad
537 867 730 953 placendum
753 866 827 933 fuco
852 868 991 951 quodam
1015 870 1087 935 sub-

67 962 198 1042 ornant,
219 961 392 1042 expectant
415 979 529 1041 annos,
552 957 654 1022 donec
675 958 833 1041 paulatim
856 958 996 1022 colorem
1020 958 1088 1023 diu-

65 1048 203 1113 turnitas
223 1048 320 1113 ducat
337 1085 391 1131 -‚
410 1047 466 1113 sed
485 1068 545 1132 ego
565 1069 688 1129 vereor,
709 1069 750 1110 ne
769 1046 982 1130 consuetudo,
1005 1068 1087 1132 quae

22 1159 47 1198 ιι
66 1137 161 1202 rebus
184 1137 289 1202 adfert
311 1135 539 1218 constantiam,
561 1136 624 1200 hoc
644 1135 759 1200 vitium
778 1136 859 1199 mihi
877 1136 974 1200 altius
993 1136 1086 1222 figat:

65 1230 132 1290 tam
161 1228 321 1291 malorum
351 1248 448 1310 quam
472 1225 631 1290 bonorum
653 1225 752 1311 longa
775 1225 976 1290 conversatio
1000 1247 1086 1290 amc·

65 1337 133 1379 rem
164 1315 278 1385 induit.
323 1315 404 1380 haec
427 1314 526 1380 animi
548 1314 632 1378 inter
654 1318 827 1397 utrumque
851 1313 941 1378 dubii
963 1335 1023 1379 nec
1046 1314 1122 1378 ads

65 1409 152 1470 recta
181 1405 309 1470 fortiter
334 1426 395 1470 nec
418 1404 458 1469 ad
481 1426 581 1488 prava
602 1404 763 1489 vergentis
787 1403 957 1469 infirmitas
982 1404 1085 1488 qualis

66 1495 121 1578 sit,
147 1516 214 1559 non
241 1498 308 1560 tam
336 1494 436 1560 semel
462 1493 522 1558 tibi
550 1514 683 1578 possum
707 1513 803 1575 quam
826 1514 884 1576 per
906 1497 1013 1577 partes
1037 1514 1087 1557 os-

20 1604 45 1645 ιι
64 1583 208 1667 tendere3
235 1584 339 1649 dicam
370 1605 452 1667 quae
480 1583 627 1648 accidant
649 1581 744 1646 mihi:
771 1586 808 1646 tu
831 1582 944 1647 morbo
968 1604 1086 1647 nomen

63 1673 217 1738 invenies.
255 1676 343 1738 tenet
366 1695 417 1738 me
440 1695 584 1738 summus
607 1693 698 1737 amor
715 1672 947 1757 parsimoniae,
968 1672 1085 1737 fateor:
1104 1687 1121 1736 5

65 1763 172 1846 placet
193 1784 260 1827 non
282 1763 318 1826 in
340 1762 549 1827 ambitionem
572 1761 677 1826 cubile
700 1761 929 1845 compositum,
957 1783 1023 1826 non
1047 1784 1086 1826 ex

65 1853 175 1916 arcula
197 1852 325 1936 prolata
347 1853 459 1935 vestis,
480 1873 547 1916 non
564 1850 760 1935 ponderibus
784 1871 821 1915 ac
840 1851 928 1914 mille
946 1855 1086 1917 tormen-

64 1940 106 2007 tis
141 1942 308 2026 splendere
342 1939 531 2028 cogentibus
564 1962 727 2025 expressa,
761 1939 817 2004 sed
849 1940 1024 2005 domestica
1054 1943 1085 2003 et

18 2050 45 2091 ιι
63 2030 150 2114 vilis,
177 2052 238 2097 nec
267 2035 393 2096 servata
415 2051 475 2095 nec
497 2030 652 2095 sumenda
675 2029 826 2113 sollicit03
855 2030 962 2113 placet
985 2028 1085 2112 cibus,
1104 2045 1121 2093 c

64 2139 161 2203 quem
179 2141 239 2185 neo
256 2126 371 2205 parent
389 2119 529 2184 familiae
544 2141 605 2186 nec
619 2122 778 2203 spectent,
795 2141 862 2183 non
876 2123 950 2183 ante
964 2119 1084 2183 multos

63 2208 238 2293 imperatus
262 2209 329 2274 dies
351 2229 412 2273 nec
429 2209 606 2273 multorum
625 2207 772 2273 menibus
791 2207 1005 2290 ministratus,
1029 2206 1084 2271 sed

63 2297 215 2382 parabilis
245 2298 428 2383 facilisque,
461 2297 544 2363 nihil
575 2297 697 2362 habens
728 2297 871 2362 arcessiti
902 2296 1084 2380 pretiosius,

63 2387 199 2452 ubilibet
230 2409 297 2452 non
329 2387 509 2471 defuturus,
546 2408 605 2452 nec
636 2386 831 2470 patrimonio
863 2407 923 2450 nec
956 2385 1084 2468 corpori

19 2497 45 2536 ιι
63 2475 184 2562 gravis,
219 2497 287 2540 non
313 2476 473 2541 rediturus
504 2498 568 2560 qua
594 2475 775 2558 intraverit3
805 2475 912 2558 placet
938 2473 1120 2539 ministert

63 2566 204 2631 incultus
224 2568 257 2630 et
274 2564 363 2629 rudis
382 2565 529 2646 ramula,
547 2567 716 2650 argentum
736 2585 833 2649 grave
851 2562 965 2628 rustici
982 2562 1084 2646 patris

63 2655 132 2719 sine
167 2655 236 2720 ullo
273 2653 404 2719 nomine
440 2653 584 2736 artificis,
622 2657 654 2718 et
690 2674 800 2717 mensa
830 2673 898 2716 non
929 2653 1085 2717 varietate

63 2743 262 2808 macularum
291 2743 464 2828 conspicua
490 2763 550 2807 nec
572 2765 631 2827 per
653 2743 771 2807 multas
795 2742 999 2806 dominorum
1023 2742 1085 2805 ele·

62 2833 209 2918 gentium
233 2833 450 2899 successiones
471 2832 595 2897 civitati
613 2835 704 2915 nota,
727 2831 782 2897 sed
801 2831 835 2895 in
853 2853 949 2895 usum
968 2830 1085 2915 posita,

151 2989 168 3044 1
188 2996 251 3044 cate
269 2989 379 3058 positus
397 3007 452 3046 ιιι
466 2991 499 3044 ic
512 2989 566 3045 A
568 2990 635 3058 quid
652 3006 760 3045 erasum
776 2991 825 3056 eit,
840 2991 927 3058 place
940 2989 1083 3044 incertum

62 3064 186 3130 <ego>
200 3060 311 3129 positus
325 3063 394 3116 coni
406 3063 499 3116 Hense
512 3061 522 3133 ΗΗ
537 3061 552 3116 7
568 3060 723 3115 subomnnt
737 3061 819 3116 Gertz
833 3060 1023 3115 sabomantur
1032 3061 1060 3115 A
1073 3059 1084 3132 Η

60 3131 185 3186 tlducat
203 3133 231 3187 A
253 3132 371 3187 inducat
358 3133 519 3188 tEussaer
541 3136 544 3202 Η
570 3132 620 3186 sed
639 3148 691 3202 ego
710 3132 738 3187 A
761 3139 830 3187 recte
851 3133 892 3187 sic
912 3147 964 3201 ego
985 3130 1085 3198 Gertz,-

60 3219 111 3259 ιιι
129 3204 286 3259 amodum
300 3210 371 3273 pcto
389 3204 476 3258 etiam
493 3210 556 3274 post
573 3204 762 3257 constantiam
780 3221 841 3258 cum
861 3205 961 3258 Hense
989 3205 1085 3257 onznia

60 3280 131 3331 recte
154 3292 182 3330 ce
206 3276 319 3342 babeat,
344 3276 424 3330 modo
448 3292 510 3330 cum
534 3277 592 3330 ictu
613 3275 732 3344 quodam
754 3276 857 3330 dictum
882 3292 938 3330 esse
960 3275 1084 3343 accipias

60 3346 115 3401 hoc
128 3346 228 3401 vitium
245 3346 256 3419 ΗΗ
273 3347 308 3402 17
323 3344 479 3401 inabitione
493 3347 521 3402 A
540 3364 608 3402 corr.
622 3347 691 3417 culp.
706 3346 716 3417 Η
734 3345 769 3400 18
782 3362 839 3400 non
852 3348 963 3402 seclo-set
978 3346 1059 3400 Gertz
1072 3344 1083 3416 Η

60 3416 97 3471 20
111 3418 249 3472 servanda
268 3419 338 3473 coni.
352 3437 376 3473 v.
391 3419 440 3473 der
456 3418 529 3473 Vliet
541 3417 552 3490 ΗΗ
566 3417 601 3472 21
615 3420 737 3486 parent.
755 3419 905 3486 spectent
919 3420 974 3487 (ιι
963 3435 994 3472 ιιι
1007 3424 1082 3471 atro-

61 3505 111 3556 que
129 3489 209 3546 verbo
227 3506 248 3544 e.
262 3491 299 3559 ι.)
312 3491 373 3545 A¹
357 3493 391 3524 ²
409 3490 491 3558 paret
505 3489 615 3542 familia
629 3505 681 3543 nec
696 3491 805 3558 spectet
825 3488 959 3554 Genetos
972 3489 1024 3540 eet
1036 3489 1094 3547 etr

63 3559 232 3618 censium·
220 3578 253 3616 ιιι
270 3560 332 3616 edit.
351 3560 362 3634 Η
378 3559 415 3617 28
433 3559 640 3633 elegantium
661 3559 836 3632 elegantium
852 3561 881 3612 A

848 3664 906 3718 ib*
