2438 3846
136 150 203 221 370
328 151 358 205 L.
373 149 516 205 ANNAEI
534 148 699 206 SENECAE
718 150 813 207 DIAL.
829 151 895 207 LIB.
910 151 970 209 XII.

136 298 269 364 modum
291 297 366 362 inde
389 297 504 381 exiret,
531 297 588 362 sed
611 296 880 381 quemadmodum
903 297 1036 365 efferret.
1083 301 1160 368 huic

18 446 19 450 ,
135 410 244 471 parem
275 386 429 451 virtutem
459 380 609 451 exbibeas
640 390 770 471 oportet
796 391 829 453 et
856 388 999 453 animum
1026 391 1160 456 alucta

134 476 271 562 recipias
299 480 331 541 et
358 476 392 541 id
420 497 511 562 agas,
540 498 580 541 ne
608 476 681 560 quis
707 479 741 542 te
763 480 857 562 putet
878 480 991 562 partus
1014 478 1064 544 tui
1086 502 1160 568 pae

134 566 245 638 nitere.

100 670 114 720 1
224 653 295 720 XX.
329 651 476 720 Ceterum
495 653 571 737 quia
588 674 718 720 neeesse
737 657 798 738 ast,
817 675 891 720 cum
910 656 1019 721 omnia
1036 656 1159 742 feceris,
1189 678 1197 718 e

134 743 348 830 cogitationes
375 747 485 808 tamen
512 745 584 807 tuas
612 743 748 809 subinde
776 743 816 808 ad
839 766 891 809 me
913 767 1077 811 recurrere
1100 769 1159 812 nec

135 854 330 917 quemquam
352 854 440 897 nunc
463 854 502 897 ex
524 831 635 897 liberis
658 833 722 898 tuis
746 833 945 917 frequentius
967 833 1029 899 tibi
1048 836 1160 900 obver-

135 921 212 1008 sari,
239 921 404 1006 nunquia
427 921 476 986 illi
499 920 606 986 minus
630 921 696 988 cari
719 926 808 1006 sunt,
835 923 891 988 sed
914 923 991 1006 quia
1012 924 1159 989 naturale

134 1016 184 1078 cst
206 1033 336 1077 manum
360 1011 487 1095 saepius
511 1011 552 1075 ad
575 1011 608 1075 id
625 1010 758 1096 referre,
781 1012 868 1096 quod
887 1011 1006 1096 doleat,
1030 1013 1159 1097 qualem

134 1124 185 1166 me
216 1101 338 1187 cogites
369 1100 646 1184 astipulatum
676 1104 708 1183 et
739 1102 877 1166 alacrem
907 1102 997 1167 velut
1026 1103 1158 1187 optimis
1176 1123 1198 1162 u

133 1190 237 1256 rebus.
284 1193 360 1255 sunt
396 1189 482 1254 enim
515 1189 669 1273 optimae,
707 1190 860 1274 quoniam
891 1186 1018 1256 animus
1053 1192 1157 1256 omnis

134 1279 356 1365 occupationis
387 1300 500 1363 expers
531 1279 682 1362 oporibus
713 1279 780 1344 suis
805 1282 904 1344 ‘vacat
932 1283 966 1344 et
995 1280 1092 1346 modo
1125 1302 1158 1346 se

132 1368 308 1435 levioribus
345 1368 460 1434 studiis
499 1367 653 1453 oblectat,
688 1368 786 1433 modo
819 1367 860 1434 ad
894 1368 1158 1435 considerandam

97 1464 233 1524 asuam'
248 1457 454 1543 universique
477 1460 626 1523 naturam
648 1457 849 1523 veri‘avidus
867 1457 1013 1544 insurgit.
1055 1461 1157 1526 terras

131 1548 275 1631 primum
303 1546 465 1631 situmque
492 1568 602 1613 aarum
630 1546 769 1630 quaerit3
796 1546 911 1612 deinde
934 1546 1158 1613 condicionem
1176 1565 1198 1606 ιε

133 1637 321 1703 circumfusi
348 1646 446 1701 maris
475 1656 652 1719 cursusque
680 1635 748 1700 eius
775 1636 917 1701 alternos
945 1638 978 1701 et
999 1657 1157 1721 recursus,

132 1730 211 1791 tnnc
240 1725 398 1810 quidquid
427 1725 511 1790 inter
531 1725 665 1791 caelum
693 1728 859 1810 terrasque
887 1725 1020 1810 plenum
1047 1725 1158 1791 formi-

133 1813 216 1880 dinis
240 1815 408 1880 interiacet
430 1815 586 1899 perspicit
609 1817 641 1879 et
662 1814 727 1880 hoc
744 1813 934 1898 tonitribus,
956 1813 1158 1899 fulminibus,

133 1907 303 1970 ventorum
330 1904 461 1970 flatibus
488 1926 527 1971 ac
553 1903 738 1970 nimborum
764 1903 912 1988 nivisque
935 1907 969 1968 et
991 1903 1157 1989 grandinis

132 1995 220 2061 iactu
251 1995 489 2060 tumultuosum
521 1993 677 2078 spatium3
713 1996 783 2064 tum
814 1992 993 2079 peragratis
1026 1993 1157 2059 humili·
1174 2013 1198 2053 ro

133 2083 242 2149 oribus
266 2084 306 2149 ad
330 2105 455 2149 summa
477 2083 658 2166 perrumpit
681 2085 713 2147 ct
735 2081 952 2166 pulcherrimo
971 2080 1156 2147 divinorum

132 2174 316 2257 spectaculo
347 2172 478 2255 fruitur,
508 2171 707 2236 aeternitatis
737 2193 813 2236 suae
843 2192 967 2236 memor
995 2170 1031 2248 in
1060 2192 1156 2237 omne

133 2260 220 2346 quod
242 2261 306 2327 fuit
328 2261 538 2344 futurumque
563 2263 612 2326 est
634 2260 723 2326 vadit
746 2259 895 2326 omnibus
920 2259 1063 2326 saeculis.

222 2420 343 2476 laerta
367 2419 434 2475 inde
457 2420 553 2476 exiret.
591 2419 641 2474 sed
666 2417 905 2488 quemadmodum
930 2434 1000 2488 qaue
1021 2416 1064 2474 A¹
1088 2420 1155 2473 omi·

132 2497 219 2559 serat,
236 2493 269 2547 iu
286 2493 411 2561 maraine
428 2493 564 2560 simpuvia
580 2495 648 2546 Μ
665 2490 676 2562 ΙΙ
693 2489 711 2544 9
730 2487 808 2544 dolet
825 2501 843 2543 s
860 2488 870 2561 Η
888 2489 922 2543 11
942 2489 1067 2559 optimae
1084 2489 1153 2560 vulp.

132 2562 242 2632 optima
260 2564 289 2618 A
312 2562 323 2636 Η
347 2563 383 2617 lb
405 2578 502 2618 aarum
522 2563 550 2617 A
576 2563 602 2631 (e
621 2579 655 2618 cc
674 2576 689 2615 c
707 2577 775 2616 corr.
795 2559 847 2630 A¹)
872 2560 882 2634 tt
907 2560 943 2616 18
964 2575 1029 2630 pers
1049 2559 1102 2615 icit
1126 2563 1156 2616 et

132 2636 233 2689 octone
250 2632 342 2688 tribus
356 2632 399 2689 A²
410 2635 443 2689 ia
455 2651 521 2701 raa,
535 2650 604 2689 corr.
619 2634 687 2703 vulp.
703 2634 732 2687 et
745 2632 818 2687 tollit
831 2633 992 2702 Wesenberp
1004 2631 1015 2704 ΙΙ
1076 2631 1156 2686 iactu

131 2704 337 2766 tumultuosum
351 2705 379 2760 A
398 2707 469 2774 (tum
486 2721 521 2759 m.
537 2710 553 2759 1
572 2706 604 2760 iu
620 2721 676 2759 ras.
693 2720 745 2774 pro
762 2701 833 2774 mul)
859 2706 867 2772 3!
892 2702 927 2758 21
950 2702 1109 2772 perrumpit
1127 2704 1155 2759 A

131 2794 210 2846 pror·
223 2778 292 2846 culp.
305 2774 365 2849 1122
378 2776 612 2844 aeternitatisque
626 2776 694 2845 colu.
709 2775 753 2831 ‘ec
765 2781 851 2831 uetere
864 2775 976 2830 lectione
984 2775 1132 2830 Piaciaut'

132 2847 236 2975 sort
247 2848 430 2990 tiarati
455 2846 728 2975 tabutas
748 2844 1154 2987 remotiora

127 2993 228 3060 positis
240 2962 311 3047 ¹aliie
327 2962 465 3060 separare,
483 3006 553 3060 qaae
566 2960 760 3060 contumatia
773 2996 865 3057 eraut,
880 2989 1011 3060 pluritas
1024 2987 1155 3059 exemptis

132 3063 227 3119 altatis
245 3063 377 3133 probauit
396 3063 499 3118 Vahlen
517 3062 612 3138 Herm.
629 3061 723 3116 XXX
739 3077 771 3130 p.
785 3065 865 3130 368q.

222 3152 313 3209 Natta
329 3151 413 3207 tatae
431 3152 496 3207 labri
513 3151 676 3222 mbecrtptto
694 3156 740 3206 eet.

514 3388 777 3398 -——---—
