2438 3846
208 177 259 231 an
272 156 450 233 'unacum
468 175 518 231 un
537 157 816 232 uoueonirroun
835 172 911 231 cir.
928 181 960 231 ιτ
1032 178 1096 244 175

73 323 288 410 gelidissimas
312 343 410 405 aquas
431 321 695 405 profundentem,
713 320 781 385 sive
799 322 871 386 illas
891 319 937 385 ibi
955 320 1096 404 primum

72 413 234 478 nascentis
258 410 396 493 invenit,
414 410 481 475 sive
499 410 663 494 inlapsum
681 410 776 475 terris
793 408 915 475 flumen
933 410 1095 495 integmm

73 502 185 568 subter
214 502 265 565 tot
294 500 395 564 maria
422 503 455 564 et
482 497 535 564 ab*
551 499 740 566 contusione
763 499 881 585 peioris
905 499 1011 564 undae
1033 521 1096 564 ser-

72 595 184 656 vatum
206 589 354 656 reddidit.
391 589 514 654 videbis
533 592 664 673 portum
685 582 922 673 quietissimum
942 587 1096 670 omnium,
1115 609 1132 656 4

40 702 52 742 s
73 699 155 762 quos
178 683 235 745 aut
256 683 372 744 natura
392 678 503 764 posuit
521 679 556 742 iu
573 678 709 742 tutelam
728 678 878 743 classium
899 682 955 744 aut
973 678 1097 743 adiurit

71 789 200 851 manus,
231 768 277 833 sio
306 771 428 850 tutum,
455 769 493 832 ut
519 788 560 832 ne
584 767 797 831 maximarum
822 766 951 851 quidem
975 772 1095 851 tempe-

71 857 206 923 statium
235 856 338 921 furori
367 856 458 921 loeus
486 855 537 921 sit.
583 855 706 922 videbis
730 856 787 921 ubi
810 854 1011 927 Athenarum
1040 877 1096 940 po-

70 947 174 1012 tentia
202 944 318 1029 fraota,
347 944 405 1010 ubi
431 949 482 1011 tot
505 945 596 1010 milia
618 946 821 1031 captivorum
844 945 899 1011 ille
923 946 1037 1010 exoisis
1062 946 1096 1010 in

70 1035 232 1100 infinitam
264 1034 468 1100 altitudinem
501 1036 586 1101 saxis
616 1035 745 1100 nativus
776 1057 883 1100 career
912 1035 1095 1119 incluserat,

25 1145 52 1186 io
70 1124 175 1210 ipsam
204 1125 371 1211 ingentem
398 1123 563 1189 civitatem
591 1127 624 1188 et
646 1125 750 1189 laxius
774 1124 974 1189 territorium
998 1147 1095 1208 quam

70 1215 247 1279 multarum
276 1213 406 1279 urbium
436 1213 517 1278 fines
548 1217 637 1296 sunt,
667 1213 869 1298 tepidissima
897 1213 1034 1279 hiberna
1063 1217 1096 1278 et

68 1304 198 1368 nullum
229 1302 315 1369 diem
347 1303 416 1368 sine
449 1303 633 1368 interventu
666 1303 750 1367 solis.
798 1303 854 1369 sed
882 1325 955 1368 oum
987 1303 1131 1369 omnies

69 1393 134 1458 ista
170 1392 375 1478 cognoveris,
410 1391 517 1478 gravis
552 1396 585 1458 et
616 1392 790 1456 insalubris
828 1396 932 1458 aestas
969 1392 1095 1458 hiberni

70 1482 151 1548 caeli
169 1482 325 1548 beneficia
343 1486 536 1565 corrumpet.
572 1483 633 1546 erit
646 1480 823 1565 Dionysius
843 1482 910 1547 illio
928 1486 1096 1566 tyrannus,

24 1591 50 1632 is
68 1571 237 1655 libertatis,
255 1571 408 1654 iustitiae,
425 1573 535 1658 legum
550 1571 696 1654 exitium,
709 1570 938 1636 dominationis
959 1571 1095 1655 cupidus

69 1660 168 1727 etiam
192 1666 268 1745 post
290 1660 473 1744 Platonem,
500 1659 586 1726 vitae
615 1660 712 1725 etiam
736 1663 812 1744 post
835 1660 981 1726 exilium:
1014 1661 1094 1725 alios

69 1753 156 1834 uret,
187 1750 268 1815 alios
301 1749 497 1833 verberabit,
529 1749 609 1815 elios
643 1750 683 1814 ob
716 1750 821 1814 levem
854 1749 1009 1814 offensam
1042 1749 1094 1812 de-

69 1840 213 1905 trunoari
235 1838 373 1921 iubebit,
401 1841 542 1904 acoerset
566 1838 606 1903 ad
628 1837 795 1904 libidinem
819 1860 922 1903 mares
946 1837 1094 1902 feminae-

70 1950 133 2012 que
153 1932 185 1994 et
203 1928 288 1993 iuter
306 1928 417 1993 foedos
435 1928 544 2014 regiae
562 1927 828 2013 intemperantiae
847 1949 960 2013 greges
980 1949 1094 2011 parum

23 2038 51 2079 ao
70 2018 132 2084 erit
155 2017 252 2082 simul
274 2016 359 2082 binis
383 2016 476 2082 ooire.
523 2017 642 2083 audisti
665 2017 743 2101 quid
766 2021 798 2082 te
822 2017 958 2081 invitare
981 2017 1093 2100 possit,

65 2106 149 2191 quid
178 2104 369 2171 absterrere:
406 2105 541 2190 proinde
570 2110 628 2176 aut
655 2106 773 2192 naviga
801 2111 858 2170 aut
882 2105 1017 2170 resiste'
1050 2143 1093 2153 -

93 2200 146 2262 ost
175 2196 259 2261 hano
292 2195 568 2260 denuntiationem
597 2195 625 2260 si
655 2194 727 2279 quis
755 2195 889 2261 dixisset
916 2195 1035 2259 intrare
1059 2213 1129 2261 see

68 2218 245 2369 1dyrauusas
269 2285 366 2368 velle,
393 2284 512 2350 satisne
534 2284 654 2350 iustam
678 2285 853 2369 querellam
877 2284 916 2348 de
939 2285 1006 2349 ullo
1030 2284 1094 2348 nisi

21 2375 31 2397 ⁹
69 2372 110 2440 de
142 2395 175 2440 se
207 2373 326 2439 habere
357 2376 480 2459 posset,
513 2373 665 2461 quinon
694 2373 860 2439 incidisset
882 2373 916 2437 in
939 2374 1010 2456 illa,
1037 2373 1093 2438 sed

23 2483 50 2526 rs
69 2463 211 2548 prudens
247 2463 415 2547 soiensque
452 2462 615 2528 venisset?
668 2460 776 2529 *dicit
813 2462 963 2528 omnibus
999 2463 1093 2527 uobis

159 2583 343 2656 2inlapsum
367 2584 450 2640 Gertz
477 2588 515 2654 (a.
535 2601 579 2655 qa.
599 2586 713 2652 11116,
728 2586 756 2654 4)
781 2585 905 2654 iuiprum
923 2585 951 2640 A
975 2584 986 2656 Η
1011 2583 1030 2639 8
1056 2584 1093 2639 ad

70 2655 233 2713 canusione
246 2657 275 2712 A
294 2674 363 2713 corr.
380 2656 475 2724 aare,
489 2656 536 2712 aed
550 2657 600 2724 cfr.
616 2673 685 2726 quae
699 2657 793 2712 Hense
806 2657 951 2712 adnotavit
963 2657 1002 2712 ud
1015 2658 1092 2726 optat.

89 2732 173 2797 .306,
188 2734 231 2784 11.
258 2729 321 2784 vide
338 2735 365 2784 et
381 2728 602 2795 dial.1V34,3
633 2728 637 2801 l
662 2727 681 2783 4
698 2727 794 2783 reddit
812 2741 829 2782 ς
854 2727 865 2800 ll
891 2728 1019 2784 btutela
1037 2729 1065 2783 A
1083 2727 1094 2800 ll

63 2745 202 2855 dmunus
215 2801 244 2856 A
257 2800 268 2874 ll
285 2798 461 2856 Subiuncta
475 2799 591 2856 iactauit
632 2805 687 2856 erte
700 2799 710 2873 Η
724 2799 742 2854 t)
755 2800 830 2854 saxis
844 2817 865 2855 a.
875 2817 900 2855 o.
911 2800 976 2854 add.
986 2799 1069 2869 A⁸(?)
1085 2800 1090 2872 l

68 2871 182 2927 nativus
195 2872 313 2942 Lipsiae
330 2871 463 2927 nauliuus
475 2872 504 2927 A
523 2871 572 2926 ille
591 2871 700 2926 excisus
720 2914 770 2927 ...
791 2871 866 2926 saxis
883 2872 994 2925 nativus
1011 2870 1093 2926 Gertz

69 2945 162 3014 (1888)
185 2943 235 3007 ille
258 2942 367 2999 exciam
386 2985 393 2999 .
409 2985 437 2999 ..
457 2942 594 2997 nativitus
616 2943 699 2998 Ellis.
724 2943 820 2999 mutim
841 2942 891 2998 ilie
910 2943 1020 2998 excisus
1040 2985 1091 2997 ...

69 3013 146 3069 saxis
159 3014 264 3070 nativis
280 3013 291 3100 ss
309 3014 345 3070 lo
362 3014 537 3070 territorium
551 3026 568 3069 s
585 3015 702 3069 torritor
715 3016 743 3070 A
761 3014 894 3069 turritam
908 3027 925 3068 ς
942 3012 952 3086 ll
970 3013 1004 3068 ll
1019 3013 1093 3082 tepi-

69 3085 187 3141 dissima
201 3088 359 3143 Pincianae
375 3084 553 3155 lepidissima
573 3088 602 3141 A
624 3084 634 3158 ll
659 3084 1008 3156 mammotreptus
1033 3100 1092 3138 oor-
1188 3111 1190 3114 ⁴

68 3157 177 3225 rumpit
191 3158 220 3213 A
237 3157 241 3230 Ι
270 3157 305 3213 17
322 3155 518 3213 uerberabits
535 3155 698 3212 uerberauit
716 3157 776 3283 A&
798 3156 833 3212 lt)
851 3155 972 3229 regist&
990 3155 1092 3210 intem·

67 3227 1092 3373 eretriae-Alpreterealaesuram

70 3412 168 3427 .....
186 3369 276 3426 niohil
293 3371 364 3426 certi
383 3369 595 3441 spoponderunt
612 3371 689 3443 male,
700 3372 754 3426 tao
771 3373 804 3426 ia
816 3373 845 3426 A
863 3377 889 3426 et
907 3371 1000 3426 arteria
1013 3367 1091 3424 codd.

69 3442 211 3499 inminuta
228 3458 284 3498 eoae
300 3441 372 3498 vidit
386 3442 506 3513 Medeia
524 3443 745 3512 trampoaaitqae
758 3443 790 3497 ta
803 3458 825 3498 e.
841 3446 915 3507 17,1
930 3447 996 3511 post
1009 3440 1093 3496 uerba

69 3512 119 3569 sed
137 3511 293 3568 humanum
311 3515 356 3569 est
372 3554 381 3580 ,
399 3514 432 3568 ia
450 3530 472 3568 o.
488 3517 524 3569 16
538 3519 602 3584 poet
620 3512 672 3587 §4
693 3513 814 3585 mentm
830 3513 952 3576 mattea,
965 3516 1057 3579 pato,
1072 3507 1115 3558 ab»

69 3584 223 3642 clausulam
241 3601 261 3642 a
275 3587 313 3642 18
322 3590 390 3656 port
406 3585 491 3645 verto
509 3585 541 3644 in
558 3586 639 3645 hano
657 3603 713 3646 nos
732 3584 922 3644 sustulerunt
940 3580 1032 3634 aeae
