2438 3846
224 209 275 264 AD
294 207 487 264 POLYBIVM
504 209 555 264 DE
574 207 856 265 CONSOLATIONE
876 209 985 265 CAH
1056 212 1123 278 313

88 355 164 422 tuis.
202 355 281 440 quid
304 356 391 421 enim
414 356 465 420 illi
483 355 572 422 aliud
590 355 734 423 faceres?
771 356 943 441 pecuniam
962 356 1158 442 eriperesta

89 467 268 530 numquam
296 445 346 511 illi
375 446 534 512 obnoxius
562 446 640 532 fuit3
671 467 759 511 nunc
788 466 931 531 quoque,
965 450 1124 530 quantum

90 538 213 621 potest,
240 534 331 602 illam
361 559 380 602 a
407 558 442 602 sa
469 535 573 622 abigit
599 540 632 602 at
659 535 695 600 in
717 539 809 601 tanta
831 535 989 602 facilitate
1012 536 1124 621 adqui-

89 624 182 691 rendi
210 625 337 691 nullum
363 626 522 691 maiorem
545 647 586 691 ex
608 648 646 692 ea
668 625 812 690 fructum
836 647 934 710 quam
958 629 1125 711 contemp·

57 738 70 780 a
89 719 161 780 tum
182 714 251 781 eius
269 715 361 800 petit.
398 716 536 801 eriperes
556 715 606 780 illi
625 713 772 781 amicos?
808 715 931 781 sciebas
951 719 1018 781 tam
1038 731 1160 780 ama-4

89 803 190 869 bilem
217 826 299 889 esse,
323 805 479 870 utfacila
501 804 667 870 inlocum
693 804 887 870 amissorum
908 808 1020 890 posset
1043 804 1124 870 alios

90 893 299 978 substituere3
326 916 428 959 unum
456 893 543 959 enim
570 894 657 960 hunc
685 916 725 958 ex
753 894 814 976 eis,
842 915 924 978 quos
948 895 983 958 in
1006 895 1124 978 princi-

89 982 157 1068 pali
180 982 277 1048 domo
302 987 450 1068 potentes
473 983 555 1067 vidi,
578 983 771 1070 cognovisse
789 983 915 1067 videor,
940 1005 1037 1068 quem
1057 1005 1124 1049 om-

88 1072 185 1138 nibus
204 1073 346 1138 amicum
363 1073 482 1139 babere
501 1094 575 1138 cum
594 1073 754 1157 expediat,
772 1073 877 1159 magis
896 1076 1007 1139 tamen
1025 1074 1124 1138 etiam

42 1185 71 1226 ro
89 1162 177 1227 libet.
216 1162 354 1247 eriperes
374 1163 423 1228 illi
440 1163 561 1227 bonam
579 1161 790 1248 opinionem?
822 1161 957 1228 solidior
976 1166 1026 1227 est
1044 1163 1124 1228 haec
1143 1177 1159 1226 c

89 1250 177 1337 apud
205 1273 293 1336 eum,
322 1272 420 1336 quam
447 1255 485 1316 ut
508 1272 527 1316 a
550 1255 582 1317 te
606 1274 737 1338 quoque
760 1252 833 1336 ipsa
856 1251 987 1318 concuti
1010 1253 1123 1336 possit.

89 1341 230 1426 eriperes
266 1341 386 1407 bonam
423 1341 665 1407 valetudinem?
711 1341 834 1408 sciebas
872 1342 1018 1407 animum
1054 1342 1123 1407 eius

88 1429 277 1496 liberalibus
310 1431 504 1516 disciplinis,
538 1430 655 1515 quibus
687 1454 756 1497 nou
785 1431 963 1497 innutritus
994 1433 1123 1496 tantum

90 1518 147 1586 sed
176 1520 307 1586 innatus
337 1524 400 1606 est,
430 1521 477 1587 sic
506 1542 576 1586 esse
606 1520 794 1606 fundatum,
823 1525 861 1586 ut
891 1543 990 1606 supra
1017 1520 1123 1586 omnis

43 1630 70 1673 sa
89 1609 235 1693 corporis
266 1608 394 1676 dolores
425 1610 589 1676 emineret
635 1611 774 1696 eriperes
804 1609 978 1695 spiritum?
1024 1624 1159 1695 quan-6

88 1699 195 1764 tulum
217 1699 398 1765 nocuisses!
443 1699 673 1787 longissimum
696 1700 746 1765 illi
769 1700 881 1787 ingeni
902 1721 1018 1765 aevum
1036 1699 1125 1766 fama

87 1787 254 1872 promisit3
276 1788 311 1853 id
334 1789 402 1875 egit
423 1789 508 1874 ipsa,
530 1794 568 1855 ut
590 1789 723 1855 meliore
747 1791 799 1855 sui
822 1793 914 1874 parte
938 1789 1069 1855 duraret
1092 1794 1125 1856 et

89 1878 279 1963 compositis
298 1878 502 1963 eloquentiae
520 1879 695 1965 praeclaris
715 1879 867 1965 operibus
887 1903 906 1944 a
924 1880 1125 1946 mortalitate

88 1987 123 2032 se
155 1967 341 2034 vindicarat.
389 1989 486 2052 quam
519 1969 577 2035 diu
608 1969 707 2035 fuerit
738 1970 825 2034 ullus
857 1969 976 2035 litteris
1008 1969 1124 2053 honor,

42 2077 70 2120 so
88 2077 186 2141 quam
218 2055 275 2121 diu
307 2058 433 2123 steterit
466 2061 522 2123 aut
554 2058 691 2124 Latinae
721 2059 853 2146 linguae
886 2060 1035 2143 potentia
1066 2063 1123 2124 aut

88 2142 227 2212 Graecae
251 2146 368 2232 gratia,
392 2147 517 2234 vigebit
540 2170 615 2214 cum
639 2147 789 2213 maximis
813 2147 905 2233 viris,
929 2170 1069 2233 quorum
1089 2172 1123 2214 se

87 2234 227 2322 ingeniis
257 2236 311 2302 val
341 2237 480 2303 contulit
509 2238 574 2321 rel,
606 2238 634 2304 si
662 2236 727 2303 hoc
740 2273 742 2276 ·
756 2236 950 2303 verecundia
978 2238 1047 2303 eius
1075 2260 1123 2304 re-

88 2328 194 2409 cusat,
230 2325 397 2411 applicuit.
444 2325 528 2412 [22]
564 2325 630 2393 hoc
666 2349 743 2413 ergo
781 2349 883 2393 unum
921 2327 1158 2413 excogitastis

88 2414 252 2498 quomodo
283 2417 424 2481 maxima
454 2415 504 2481 illi
532 2438 644 2501 posses
674 2438 805 2500 nocere3
835 2438 900 2501 quo
930 2417 1046 2482 melior
1073 2420 1124 2482 est

42 2523 69 2565 aa
87 2503 174 2569 enim
199 2504 350 2589 quisque,
371 2506 436 2571 hoo
459 2505 587 2591 saepius
610 2505 694 2571 ferre
716 2509 749 2571 te
773 2504 943 2572 consuevit
965 2505 1034 2572 sine
1053 2506 1121 2571 ullo

88 2592 208 2658 dilectu
237 2593 399 2659 furentem
432 2598 465 2660 et
495 2594 582 2661 inter
613 2595 685 2681 ipsa
705 2595 873 2661 ‘beneficia
905 2594 1120 2660 metuendam.

87 2682 281 2766 quantulum
305 2688 374 2749 erat
396 2684 457 2749 tibi
481 2684 658 2751 immunem
681 2686 722 2750 ab
740 2683 804 2751 hac
821 2684 940 2750 iniuria
958 2688 1122 2768 praestare

87 2792 161 2837 eum
174 2770 352 2856 hominem,
366 2774 401 2838 in
416 2794 513 2857 quem
522 2773 693 2839 ridebatur
707 2773 911 2860 indulgentia
923 2777 983 2839 tua
995 2774 1122 2840 ratione

87 2864 175 2926 certa
196 2861 381 2947 pervenisse
405 2864 437 2927 et
459 2884 527 2927 non
549 2883 590 2928 ex
612 2866 670 2928 tuo
689 2885 780 2929 more
798 2866 919 2929 temere
938 2863 1121 2930 incidissei'

177 3016 194 3072 l
213 3017 258 3072 illi
277 3017 357 3072 aliud
376 3018 401 3075 0
424 3017 504 3073 aliud
521 3018 567 3073 illi
580 3020 642 3076 FV
667 3020 671 3092 Η
695 3019 714 3076 d
737 3019 830 3090 abigit
849 3021 970 3105 Madvip
989 3019 1079 3074 abicit
1093 3020 1124 3075 F

88 3087 189 3143 abiicit
203 3089 235 3145 Ε
256 3087 362 3145 abiecit
375 3090 446 3145 ΒΗ
449 3090 508 3146 GV
522 3089 628 3145 subicit
641 3020 672 3146 ll
696 3090 777 3145 illam
796 3089 852 3145 sibi
871 3090 977 3146 subicit
991 3090 1124 3218 ΜαισῙιΗ

87 3158 257 3215 suasorem
271 3177 306 3216 ex
320 3175 354 3214 ea
368 3161 486 3230 BEex
500 3176 534 3215 ea
548 3162 685 3217 maiorem
700 3162 725 3218 0
740 3161 750 3235 Η
768 3161 803 3217 ll
819 3164 879 3216 ate
894 3178 1006 3232 quoque
1020 3162 1085 3231 ipsa

88 3229 126 3284 ad
144 3232 173 3286 te
193 3247 305 3301 quoque
323 3231 382 3286 iam
395 3232 424 3287 B
442 3231 452 3305 ΗΗ
470 3231 507 3286 lo
522 3233 639 3302 ingenia
653 3250 738 3289 auum
753 3233 832 3288 fama
851 3235 888 3303 (=
904 3233 934 3287 in
955 3231 1121 3303 eriasus.)

87 3300 222 3358 DEHG
240 3303 346 3373 ingena
363 3307 393 3375 (a
411 3311 550 3373 expuncta
568 3303 590 3358 ii
607 3321 669 3360 aa.
684 3305 749 3360 odd.
765 3307 843 3374 m.2)
863 3309 918 3358 ausi
934 3251 1057 3360 lamaB
1077 3305 1122 3360 in-

124 3389 182 3428 nua
201 3391 286 3430 euum
305 3374 383 3430 fama
396 3375 458 3431 FV
473 3391 573 3430 aevum
587 3375 697 3447 ingenii
710 3376 790 3431 fama
803 3377 871 3445 ootp.
889 3375 1004 3447 ingenio
1019 3392 1121 3432 aevum

100 3460 166 3500 ama
176 3446 290 3504 Fickert
302 3446 313 3522 Η
326 3447 363 3503 24
372 3464 427 3518 quo
437 3448 538 3503 melior
547 3450 591 3503 est
600 3448 677 3505 enim
687 3449 807 3519 quisque
818 3449 899 3504 Koch
908 3449 1004 3518 cottp.
1012 3453 1077 3518 314,
1086 3454 1121 3505 17

89 3533 145 3586 quc
170 3517 271 3575 melior
293 3522 337 3575 est
360 3520 436 3576 enim
455 3519 585 3592 quisquis
604 3520 669 3578 BF
693 3536 751 3592 uuo
766 3518 874 3575 metior
891 3520 977 3575 enum
989 3522 1041 3568 aaa
1055 3519 1140 3578 epm-

87 3604 143 3657 we
153 3589 226 3646 DE
239 3597 268 3648 et
284 3592 353 3665 colp.
372 3593 384 3670 Η
401 3591 440 3651 25
457 3593 535 3652 ferre
553 3595 587 3654 te
603 3595 631 3654 B
650 3598 684 3653 ta
700 3593 783 3650 terre
795 3589 866 3646 DE
