2438 3846
119 176 210 234 XVIII
523 173 730 229 PRAEFATIO

121 319 323 376 GWimihaus
354 319 479 375 Varistae
504 318 627 373 lectioae's
654 317 692 371 ad
719 318 753 371 L.
770 318 807 372 A.
822 316 938 373 Senecae
965 315 1098 386 epistulas
1127 335 1142 372 e

191 401 282 456 code'cc
301 400 498 471 Bamberpeuci
516 396 903 453 enotatatDarmstedt1eso.

120 483 158 536 M.
173 480 380 537 Zimmermann
404 481 450 536 De
479 480 574 534 Tacito
603 476 721 534 Senecae
740 478 840 548 pillos
866 479 1004 535 Imitatore
1028 476 1140 533 Vratis-

191 561 284 617 leviae
305 563 430 630 1889(
442 560 531 616 Bresl.
548 559 644 629 philol.
659 558 883 630 Atheosdlampeo
896 557 922 612 V
937 560 971 628 1).

208 685 315 744 Restat
345 687 382 744 ut
413 684 493 743 viros
526 683 641 758 doctos,
675 701 803 758 quorum
839 682 952 742 aumlio
985 684 1017 742 in
1049 701 1140 760 opere

120 773 302 834 conficiendo
331 772 452 834 adiutus
480 791 559 848 sum,
587 773 675 850 grato
703 771 753 832 hic
775 771 875 831 animo
899 790 1142 848 commemorem

120 866 210 941 atque
241 861 418 923 nominandi
448 863 524 922 mihi
556 865 626 922 sunt
657 864 777 940 praeter
808 864 920 922 ceteros
958 862 997 921 H.
1021 860 1141 938 Caesar,

121 951 272 1033 gymnasii
298 952 394 1012 nostri
421 951 554 1012 Adolfini
580 953 678 1012 rector
700 953 732 1010 et
755 949 786 1010 G.
800 949 906 1011 Hofius
929 951 1057 1030 collega,
1085 953 1142 1028 qui

120 1045 153 1102 in
174 1043 279 1103 multis
302 1042 455 1119 variisque
478 1040 601 1101 editoris
625 1039 774 1120 angustiis
796 1039 939 1118 prudenti
961 1060 1048 1118 saepe
1070 1060 1142 1101 eon·

121 1131 188 1193 silio
212 1132 286 1191 mihi
309 1131 483 1206 adfuerunt,
508 1129 539 1191 0.
553 1130 666 1191 Hosius
689 1128 795 1190 deinde
818 1129 968 1206 professor
989 1131 1141 1190 Menante-

120 1221 226 1282 riensis
255 1224 286 1281 et
312 1222 341 1280 J.
359 1220 570 1280 Hammelrath
597 1221 749 1298 gymnasii
778 1219 1003 1280 Euslrirchensis
1034 1224 1141 1295 rector,

124 1311 184 1388 qui,
208 1311 279 1370 dum
302 1311 434 1389 plagulis
458 1310 641 1388 corrigendis
659 1308 809 1369 indefesse
828 1326 899 1368 cura
917 1329 1038 1387 operam
1057 1309 1142 1385 dant,

121 1419 140 1459 a
164 1419 235 1461 vero
264 1399 454 1460 aberrantem
479 1418 621 1459 revocare
650 1417 710 1458 nou
740 1396 933 1474 destiterunt,
960 1398 994 1458 P.
1008 1397 1142 1458 Wolters

122 1488 250 1567 denique
274 1493 304 1550 et
322 1490 376 1548 Th.
392 1487 500 1568 Stangl
522 1488 703 1565 professores
721 1487 992 1566 Wirceburgenses‚
1012 1506 1143 1564 quorum

123 1579 199 1639 alter
217 1579 358 1639 benevole
378 1579 421 1638 eis
439 1598 487 1638 me
505 1577 551 1638 uti
564 1577 670 1653 voluit,
689 1597 765 1655 quae
780 1577 862 1652 olim,
881 1577 952 1636 dum
969 1576 1016 1636 his
1031 1575 1141 1636 studiis

121 1667 261 1743 vacabat,
284 1669 317 1726 in
339 1665 525 1747 marginibus
549 1667 726 1744 exemplaris
749 1666 798 1726 sui
821 1666 1032 1742 adnotaverat,
1055 1666 1142 1741 alter,

121 1776 231 1817 novam
256 1775 304 1815 me
330 1776 437 1835 parare
466 1756 656 1835 dialogorum
683 1755 844 1815 editionem
872 1774 939 1815 cum
967 1754 1142 1829 audivisset,

120 1848 218 1906 multa
246 1847 337 1922 atque
363 1845 453 1906 utilia
479 1845 655 1923 perscripsit
683 1847 713 1903 et
741 1845 779 1904 ad
807 1843 1017 1922 explicandum
1045 1846 1075 1904 et
1101 1843 1142 1903 ad

122 1934 339 1996 emendandum
360 1935 488 1996 Senecae
511 1953 685 1995 sermonem.
721 1937 753 1993 et
775 1935 890 2013 gaudeo
914 1933 1037 2012 quidem
1059 1932 1142 2010 quod

121 2044 210 2104 saepe
227 2025 306 2085 inter
323 2044 378 2086 nor
398 2024 549 2100 convenit,
570 2024 656 2084 doleo
675 2026 775 2084 autem
794 2022 876 2101 quod
895 2022 1141 2084 adnotationibus

123 2115 185 2175 eius
198 2114 231 2174 in
245 2114 372 2194 dialogis
386 2113 484 2194 1-v‚
503 2113 614 2191 quippe
632 2114 686 2190 qui
703 2113 785 2191 typis
802 2113 865 2173 iam
883 2112 1015 2190 expressi
1033 2113 1144 2188 essent,

122 2205 170 2265 uti
187 2223 248 2264 non
265 2203 359 2266 lleuit.
397 2206 475 2265 certe
492 2204 611 2264 tristem
628 2203 714 2263 illam
732 2221 850 2264 erucem
867 2201 965 2263 verbis
984 2203 1145 2277 ,sl.lc'ccat‘

121 2315 151 2372 p.
163 2294 284 2369 116,22
294 2313 355 2354 non
365 2292 576 2371 adpinxissem,
590 2294 746 2354 cumrecte
756 2312 787 2354 se
796 2292 905 2352 habere
916 2291 1141 2352 coniunctIvum

121 2383 174 2444 ille
191 2384 268 2444 mihi
289 2383 463 2461 probaverit
484 2382 531 2443 hi's
553 2383 628 2444 locis
647 2383 777 2444 collatis:
802 2382 868 2443 Seu.
879 2381 1054 2457 dia1.x4,1
1082 2380 1144 2442 (lic.

123 2475 273 2534 arataeo
289 2473 404 2534 Gornel.
419 2493 467 2551 ap.
479 2473 568 2533 Peter
580 2472 671 2532 ΗΒΕ
685 2493 713 2550 p.
725 2474 849 2548 222,11
866 2469 990 2542 Quintil.
999 2473 1090 2547 10,1,
1100 2472 1142 2531 78

122 2561 257 2642 Draeger
281 2562 397 2641 Syntax
418 2583 447 2622 u.
463 2561 523 2622 Stil
546 2560 597 2622 des
621 2561 743 2623 Tacitus
766 2559 880 2638 §1903
906 2559 984 2620 addo
1009 2559 1068 2620 (lic.
1087 2578 1144 2636 pro

123 2649 154 2712 S.
167 2652 276 2713 Roscio
299 2671 324 2714 c.
339 2654 382 2714 20
404 2649 492 2730 556.
530 2652 590 2712 scio
617 2653 739 2732 gratum
764 2670 812 2711 me
839 2652 992 2710 facturum
1019 2651 1062 2710 eis
1090 2651 1144 2726 qni

124 2739 254 2802 Senecae
281 2760 404 2820 operam
431 2741 518 2818 dant,
547 2740 573 2803 si
600 2741 802 2819 subscripsero
830 2739 1051 2802 emendationes
1079 2740 1143 2800 eius

124 2830 164 2891 ad
186 2831 257 2891 dial.
271 2830 369 2910 1-v3
400 2834 472 2894 sunt
498 2832 600 2893 autem
626 2831 699 2892 hae:
728 2852 758 2909 p.
775 2831 856 2906 7,13
885 2834 912 2890 et
937 2829 1145 2890 commemora

124 2911 199 3004 (eto.
213 2939 268 2997 pro
286 2920 384 2982 Deiot
405 2922 446 2982 36
467 2923 540 2982 extr.
553 2920 627 2981 Hor.
646 2940 692 2998 ep.
706 2919 762 2997 11,
773 2911 830 3002 68)
855 2921 957 2996 11,21
981 2917 1145 2978 consolare·

123 3010 182 3070 ris:
210 3014 279 3071 tanc
304 3012 511 3087 aspexissem,
539 3011 567 3070 sl
593 3013 619 3070 te
644 3011 708 3086 ipse
735 3009 900 3070 wnsolatas
927 3025 1003 3068 esses
1033 3009 1084 3083 67,
1101 3007 1144 3066 20

124 3116 214 3174 qaam
236 3103 269 3160 ta
289 3099 369 3161 iram
386 3103 478 3176 potas
503 3100 582 3176 76,9
604 3115 659 3175 per
684 3101 780 3160 locam
806 3099 889 3159 sacci
914 3088 996 3178 (cum
1015 3095 1145 3172 Gertzia

124 3187 194 3250 Tac.
214 3181 420 3273 ann.XV69)
449 3190 501 3266 98,
516 3191 558 3251 25
587 3190 763 3264 ecbpthaaa
796 3189 904 3264 109,2
937 3190 1038 3247 matra
1070 3186 1145 3245 allos

124 3279 246 3353 affectas
278 3275 351 3355 113,
368 3281 409 3339 23
441 3279 576 3355 inpcadlt
603 3271 689 3361 (oum
717 3270 850 3361 Murato)
879 3276 1009 3354 133,16
1041 3277 1074 3336 c'a
1102 3276 1145 3350 lp·

124 3383 192 3427 aem
212 3369 315 3442 posuit
342 3364 382 3446 [et
408 3364 577 3446 combassit]
608 3367 737 3444 143,15
769 3368 869 3442 fructa
900 3359 984 3448 (cum
1012 3362 1145 3448 Gertaio3

125 3456 195 3517 Tac.
219 3449 430 3538 enn.14‚20)
466 3458 575 3533 145,4
603 3457 670 3531 aas
698 3473 735 3518 nc
761 3456 868 3517 solas
896 3472 921 3530 q.
975 3453 1091 3515 Oodicis
1114 3451 1146 3511 A

108 3546 330 3606 auctoritatem
361 3545 505 3625 sequitur
533 3545 580 3610 his
610 3546 685 3609 locis
718 3547 749 3624 2,
759 3547 801 3606 24
833 3543 884 3605 ead
911 3545 1029 3618 cauato
1061 3543 1146 3620 4,14
