2438 3846
316 121 378 182 ’ΒΕ
396 125 461 182 ms
478 127 546 182 ΜΒ.
560 126 594 184 11.
627 126 705 183 CAP.
722 131 764 204 rs.
781 132 822 182 19.
838 133 873 181 ao
1069 129 1112 194 89

88 273 199 361 frigidi
222 274 363 339 mixtura
380 274 511 339 timidos
531 273 622 338 facit:
648 273 778 358 pigrum
797 275 847 336 est
865 271 951 338 enim
970 276 1114 338 contrac-

89 369 225 447 tumque
246 363 358 452 frigus.
395 364 511 428 volunt
533 363 643 446 itaque
667 360 799 445 quidam
823 383 863 426 ex
886 360 1006 427 nostris
1032 361 1147 429 iramc

88 453 123 518 in
154 456 285 537 pectore
316 451 440 517 moveri
472 451 698 516 effervescente
735 449 819 517 circa
856 471 912 516 cor
944 450 1113 538 sanguinm

90 562 186 608 cause
217 563 275 608 cur
304 541 357 607 hic
387 540 594 626 potissimum
624 539 813 627 adsignetur
838 539 905 606 irae
932 540 1023 606 locus
1046 561 1113 604 non

29 711 30 714 Ἴ
58 630 153 695 ralia
184 636 247 715 est,
279 652 377 714 quam
411 629 498 715 quod
529 630 565 695 in
600 634 672 695 toto
709 651 844 715 corpore
882 628 1113 695 calidissimum

88 724 201 804 pectus
230 723 287 785 est.
333 719 452 803 quibus
474 719 578 785 umidi
599 719 674 804 plus
697 719 796 802 inest,
822 739 933 784 eorum
956 719 1149 804 paulatims

90 811 204 876 crescit
231 809 293 892 ira,
320 809 396 892 quia
422 831 490 874 non
515 813 565 874 est
586 812 719 892 paratus
742 807 808 873 illis
832 808 921 873 calor
943 808 1000 874 sed
1022 812 1114 874 motu

90 898 282 982 adquiritur:
317 898 427 984 itaque
454 919 629 983 puerorum
657 897 915 981 feminarumque
936 897 1003 963 irae
1026 918 1114 963 acres

90 987 193 1075 magis
225 1009 323 1072 quam
355 1008 469 1074 graves
501 990 578 1052 sunt
606 986 808 1071 levioresque
838 987 915 1053 dum
944 987 1113 1072 incipiunt.

44 1097 71 1137 ro
89 1077 182 1143 siccis
206 1076 364 1142 aetatibus
387 1077 560 1142 vehemens
583 1075 781 1161 robustaque
805 1081 854 1142 est
877 1076 939 1161 ira,
966 1077 1023 1142 sed
1045 1077 1114 1142 sine

89 1167 301 1245 incremento,
327 1187 395 1230 non
419 1166 558 1231 multum
581 1165 645 1231 sibi
667 1165 822 1249 adiciens,
845 1165 922 1248 quia
944 1165 1115 1232 inclinatu·

88 1277 162 1320 rum
181 1257 320 1321 calorem
334 1254 438 1341 frigus
452 1254 646 1339 insequitur:
670 1276 762 1321 senes
776 1254 926 1320 difficiles
940 1258 973 1321 et
987 1254 1115 1340 queruli

89 1350 178 1429 sunt,
201 1348 239 1408 ut
262 1343 349 1430 aegri
372 1347 404 1409 et
425 1345 685 1411 convalescentes
703 1348 737 1410 et
755 1365 894 1430 quorum
912 1348 970 1411 aut
986 1344 1115 1410 lassitu-

89 1433 163 1498 dine
192 1435 248 1497 aut
275 1434 472 1498 detractione
495 1433 859 1518 sanguinisexhaustus
883 1438 934 1501 est
956 1435 1058 1519 calor3
1080 1433 1150 1499 ino

43 1543 70 1584 ιε
89 1523 201 1588 ecdem
233 1544 329 1589 causa
358 1525 435 1588 sunt
464 1521 521 1623 siti
548 1522 714 1626 fameque⁸
727 1523 829 1589 tabidi
856 1527 890 1589 et
917 1524 1034 1626 quibus
1062 1545 1115 1588 ex·

88 1614 432 1784 distillat
446 1611 980 1787 tllffllzgtllssllllll
998 1635 1115 1767 'mar

89 1791 221 1874 quidam
249 1789 329 1854 ebrii
357 1790 582 1874 effervescunt,
605 1789 736 1875 quidam
764 1791 873 1857 saucii.
918 1814 1024 1876 neque
1047 1793 1115 1856 ulla
1199 1877 1201 1882 Ι

88 1881 152 1944 alia
184 1900 280 1945 causa
312 1884 375 1963 est,
407 1902 464 1946 cur
490 1878 728 1945 iracundissimi
755 1880 819 1946 sint
846 1880 922 1945 flavi
949 1881 1115 1946 rubentes·
1204 1886 1208 1894 ’

44 1988 72 2030 ,⁰
89 1990 173 2122 iqnutdd
190 1968 409 2123 quqigussothltis
427 1972 558 2124 nqffilrjas
576 1969 675 2123 eddim
688 1970 1115 2145 eqllfisqqqllitqtfiqqiuecetiglils

392 2106 400 2141 r
478 2119 480 2121 ·
1103 2097 1115 2108 “

134 2146 161 2212 is
184 2152 241 2213 est.

88 2168 133 2232 gu
178 2235 248 2300 XX.
274 2233 337 2300 Sed
357 2236 629 2321 quemadmodum
647 2240 764 2302 natura
778 2238 935 2321 quosdam
954 2237 1114 2323 proclivos
1134 2255 1148 2303 1

87 2325 123 2390 in
152 2325 233 2390 iram
264 2325 356 2411 facit,
385 2325 432 2391 ita
454 2327 577 2392 multae
599 2326 747 2392 incidunt
770 2348 900 2411 causae,
923 2349 1005 2412 quae
1028 2327 1114 2394 idem

42 2433 70 2475 ss
88 2414 215 2498 possint
234 2413 321 2498 quod
339 2419 468 2481 natura:
491 2415 573 2481 alios
591 2415 724 2482 morbus
739 2413 797 2482 aut
809 2417 928 2482 iniuria
941 2438 1114 2501 corporum

87 2504 122 2568 in
153 2502 217 2568 hoc
248 2504 413 2589 perduxit,
445 2504 526 2570 alios
555 2505 649 2572 labor
678 2509 735 2570 aut
762 2506 917 2571 continua
944 2506 1114 2593 pervigilia

87 2597 264 2676 noctesque
295 2594 452 2660 sollicitae
482 2599 515 2658 et
532 2593 702 2660 desideria
729 2616 933 2680 cmoresque3
957 2595 1114 2680 quidquid

88 2681 177 2746 aliud
206 2685 264 2746 aut
293 2683 421 2766 corpori
447 2682 561 2749 nocuit
587 2688 645 2749 ant
671 2682 796 2768 animo,
818 2705 947 2772 aegram
971 2688 1114 2749 mentem

87 2769 123 2834 in
155 2771 314 2855 querellas
345 2775 447 2854 parat.
497 2771 553 2836 sed
583 2771 692 2837 omnia
721 2772 785 2839 ista
813 2772 906 2839 initia
935 2788 1147 2857 causaequea

178 2926 194 2981 l
214 2925 285 2982 lacit
302 2928 384 2982 unde
401 2929 515 2984 inclusit
529 2928 625 2997 (ἔργα,
643 2931 676 2985 in
693 2928 781 2986 faciet
798 2933 917 2987 mutavit
931 2931 1092 3000 Wesenberq
1104 2932 1114 3002 ll

87 2995 106 3050 3
116 3004 181 3064 poet
192 3001 307 3066 pectore
319 3013 410 3067 porra
423 3016 526 3055 rasura
538 3001 570 3054 in
581 3002 609 3055 A
623 3007 662 3056 eet
677 3000 680 3072 Ι
698 3000 768 3056 effer
779 3002 908 3056 uescenti
916 3003 945 3057 A
958 3002 968 3075 ΙΙ
981 3002 999 3056 9
1013 3017 1114 3072 graue-

88 3069 155 3121 sunt
168 3069 219 3135 A¹‚
238 3085 306 3124 corr.
321 3087 356 3124 m.
371 3086 422 3125 ree.
441 3069 451 3142 ll
469 3070 506 3125 lo
524 3070 607 3126 siccis
625 3071 750 3156 cletitius
764 3073 919 3156 ALtvouly„
933 3073 1007 3156 quod
1019 3089 1114 3128 verum

87 3140 725 3286 tamdesisteretis?
737 3143 983 3269 imm.
994 3143 1113 3269 dccl

87 3282 149 3336 tum
168 3282 197 3336 A
219 3282 267 3337 ced
284 3298 372 3351 supra
394 3285 426 3339 at
445 3284 555 3354 aliquid
572 3301 682 3342 aarum
700 3291 752 3353 ret,
770 3287 830 3343 sine
848 3286 933 3342 dubio
950 3287 1023 3342 illud
1044 3304 1079 3340 ur
1103 3285 1114 3359 ΙΙ

88 3351 124 3408 15
146 3352 240 3408 tabidi
263 3353 347 3410 Gertz
371 3354 466 3411 rabidi
486 3358 515 3412 A
539 3355 550 3429 Η
576 3356 610 3413 17
631 3358 729 3441 cuget3
752 3374 803 3442 pro
823 3374 845 3414 c.
861 3375 888 3413 n.
908 3360 1007 3430 interp.
1030 3359 1114 3416 Gertz

87 3427 176 3496 auget
197 3442 249 3496 pro
272 3442 296 3480 c.
315 3444 342 3482 u.
361 3447 373 3495 ;
390 3428 418 3482 A
437 3433 464 3483 ct
480 3429 549 3499 coly.
574 3428 585 3502 d
611 3427 649 3485 25
674 3444 785 3484 monna
809 3435 888 3500 optat
915 3431 957 3488 W.
974 3431 1080 3488 Gemoll
1104 3429 1114 3503 l!

86 3495 124 3552 26
141 3495 224 3553 labor
243 3505 294 3553 aut
307 3498 350 3554 A⁶
366 3498 377 3571 ll
394 3498 429 3555 27
449 3503 478 3554 et
496 3499 637 3570 quidquid
651 3500 678 3556 L
696 3508 722 3556 et
738 3501 801 3573 coly
