2438 3846
258 177 307 233 nn
326 134 561 234 consumens
579 175 768 231 sirmunis
787 175 864 233 cin.
881 184 923 233 11.
939 184 972 233 η
1085 181 1128 250 35

105 326 201 408 sputo
230 324 388 408 adspersit
420 325 477 388 aut
505 321 641 386 nudavit
667 321 702 386 in
729 326 904 406 conspectu
927 344 1060 390 suorum
1083 328 1129 391 te·
1159 367 1161 372 ·

104 412 209 499 gendo
240 416 272 477 et
294 413 399 477 verbis
430 411 671 477 obscenioribus
702 431 769 474 non
795 413 952 497 pepercit,
984 416 1016 478 et
1045 413 1130 479 nihil

103 501 221 566 horum
249 501 477 566 contumeliam
506 499 652 565 dicimus.
698 499 818 584 quare?
863 501 940 585 quis
966 503 1023 586 qui
1050 503 1130 569 fecit
1171 492 1176 505 ’

104 594 308 656 contemnere
330 612 397 654 non
414 592 529 674 potest.
563 590 673 654 eedem
692 609 789 654 ceusu
807 592 868 674 est,
886 611 944 655 cur
961 611 1022 656 nos
1040 609 1164 660 man-s

71 700 84 741 a
104 679 264 832 {ipiortppi
286 682 472 743 nostrorum
490 678 655 831 prbanitps
674 678 709 831 ip
727 678 1129 832 dominopcontumeliosa

125 789 194 834 aec
304 789 420 832 uorum
449 789 491 833 au
514 788 583 833 acra
609 790 656 832 ia
701 789 1128 834 emums111nconv1vas

104 858 155 922 ius
177 788 321 939 facit,qsi
343 857 450 940 coepit
473 879 493 921 a
516 855 663 941 domin03
689 859 722 920 et
743 860 781 920 nt
804 857 941 940 quisque
964 861 1128 943 contemp-

103 946 248 1010 tissimus
272 949 304 1010 et
326 946 379 1010 vel
399 945 577 1010 ludibrium
600 948 663 1029 est,
689 945 735 1009 ita
758 946 974 1010 solutissimae
996 947 1128 1033 linguae

104 1038 160 1099 est.
206 1055 324 1119 pueros
353 1034 484 1117 quidam
512 1034 547 1098 in
568 1033 633 1098 hoc
655 1037 839 1099 mercantur
860 1055 1012 1118 procaces
1036 1040 1068 1100 et
1090 1036 1128 1100 il·

57 1144 85 1184 io
102 1123 211 1188 lorum
224 1123 458 1207 impudentiam
477 1125 597 1189 acuunt
614 1143 653 1187 ac
670 1122 730 1187 sub
750 1123 905 1209 magistro
923 1123 1052 1209 habent,
1072 1126 1128 1208 qui

102 1212 222 1296 probra
249 1212 401 1276 meditate
431 1210 608 1292 effundant,
635 1232 695 1276 nec
717 1210 776 1276 has
799 1213 1011 1278 contumelias
1034 1235 1128 1279 voca·

103 1321 190 1384 mus,
216 1299 272 1365 sed
299 1302 456 1387 argutias:
484 1303 605 1385 quanta
631 1303 739 1365 sutem
767 1300 928 1366 dementis
954 1305 1002 1366 est
1025 1303 1127 1368 isdem

103 1390 200 1454 modo
224 1390 389 1473 delectari,
411 1389 508 1454 modo
532 1387 665 1472 offendi,
688 1392 720 1453 et
738 1411 805 1454 rem
825 1390 864 1455 ab
884 1391 987 1456 amico
1008 1391 1127 1457 dictam

103 1479 311 1544 maledictum
334 1501 462 1562 vocare,
485 1501 505 1543 a
528 1478 655 1543 servulo
679 1479 820 1543 ioculare
844 1479 1040 1544 convicium!

56 1625 84 1664 ιε,
193 1601 264 1668 ΧΠ.
289 1602 391 1680 Quem
414 1602 559 1667 animum
576 1622 637 1667 nos
655 1602 807 1667 adversus
826 1623 943 1688 pueros
962 1603 1162 1689 habemus,1

103 1692 191 1757 hunc
222 1693 349 1776 sapiens
377 1691 529 1774 edversus
557 1712 683 1776 omnes,
712 1692 829 1775 quibus
857 1692 954 1756 etism
982 1697 1058 1776 post
1080 1693 1127 1758 iu·

102 1785 231 1846 ventam
255 1802 417 1864 canosque
439 1781 606 1864 puerilitas
630 1783 686 1844 est.
719 1803 761 1844 an
784 1781 958 1864 quicquam
981 1782 1036 1845 isti
1054 1804 1128 1866 pro·

102 1871 260 1955 fecerunt,
289 1871 405 1953 quibus
423 1869 558 1952 puerilis
581 1869 681 1934 animi
708 1869 794 1933 mala
821 1873 897 1934 sunt
919 1871 1070 1954 suetique
1093 1872 1128 1935 in

103 1960 207 2024 mains
230 1963 366 2042 errores,
391 1960 447 2041 qui
465 1959 605 2042 spueris
623 1958 846 2045 magnitudine
863 1961 991 2023 tantum
1009 1960 1128 2025 forma·

56 2068 85 2108 so
104 2068 166 2132 que
194 2069 367 2133 corporum
395 2047 561 2132 differunt,
588 2050 729 2112 ceterum
756 2069 823 2112 non
851 2048 958 2112 minus
981 2049 1057 2135 vagi
1080 2050 1127 2113 in·

103 2138 259 2221 certique,
281 2138 499 2220 voluptatium
530 2137 599 2201 sine
626 2124 746 2202 dilectu
777 2137 977 2221 adpetentes,
1008 2138 1127 2222 trepidi

103 2230 136 2290 et
162 2247 228 2290 non
255 2227 386 2311 ingenio
410 2225 466 2290 sed
488 2225 661 2290 formidine
685 2224 808 2309 quieti?
852 2248 919 2290 non
942 2226 1013 2290 ideo
1039 2228 1161 2310 quic-2

104 2335 201 2399 qusm
224 2316 307 2379 inter
330 2316 404 2379 illos
423 2335 604 2398 puerosque
622 2315 775 2380 interesse
794 2316 866 2399 quis
886 2315 1016 2398 dixerit,
1039 2316 1126 2400 qnod

103 2404 169 2467 illis
192 2405 332 2468 telorum
354 2425 514 2469 nucumve
538 2407 570 2467 et
592 2404 674 2468 aeris
698 2405 815 2468 minuti
836 2404 972 2468 avaritia
990 2408 1051 2487 est,
1074 2403 1125 2470 his

56 2512 83 2553 ss
103 2493 174 2557 auri
196 2493 385 2578 argentique
408 2496 440 2557 et
460 2493 603 2576 urbium,
626 2492 713 2576 quod
736 2492 786 2556 illi
808 2493 892 2557 inter
914 2493 1002 2576 ipsos
1026 2495 1125 2580 megi-

103 2585 245 2647 stratuus
260 2584 376 2668 gerunt
390 2584 421 2645 et
435 2584 634 2666 praetextam
653 2581 819 2664 fascesque
838 2603 875 2647 ao
892 2582 1036 2647 tribunal
1054 2584 1125 2647 imi-¹

102 2673 227 2754 tantur,
253 2669 288 2735 hi
315 2670 425 2735 eadem
452 2672 487 2734 in
515 2692 631 2754 campo
660 2670 796 2752 foroque
818 2675 850 2735 et
872 2672 907 2734 in
929 2671 1019 2736 curia
1041 2672 1124 2736 serio

193 2899 209 2952 1
235 2899 266 2953 in
292 2901 443 2968 conspectu
468 2915 610 2954 servorum
628 2900 776 2972 ,Kzammer
798 2899 809 2972 11
835 2899 850 2954 7
875 2900 952 2973 cepit
972 2901 999 2955 A
1022 2901 1031 2984 1
1059 2894 1124 2955 οοιιέ

102 2970 307 3040 temptissimus
326 2973 355 3024 et
372 2970 417 3025 vel
435 2970 590 3024 ludibrium
605 2973 649 3025 est
663 2971 701 3026 Η.
712 2971 738 3026 J.
751 2971 857 3026 Mstller
875 2972 1124 3040 contemptissimis

104 3043 182 3112 (corr.
196 3043 259 3108 tort.
274 3059 309 3096 os.
323 3045 342 3094 2
359 3043 392 3096 iss
409 3045 494 3111 -mus)
514 3045 543 3096 et
560 3041 748 3096 utlndibrium
767 3043 810 3096 est
823 3043 851 3097 A
874 3046 960 3111 <e>
980 3045 1123 3113 contemp-

103 3111 220 3170 tissimis
244 3113 273 3166 et
294 3113 328 3165 ut
350 3111 505 3167 ludibrium
524 3114 567 3167 est
586 3113 753 3177 Mlucius
782 3113 1038 3183 contemptissimus
1061 3114 1123 3183 ipse

104 3186 134 3240 et
151 3182 305 3237 ludibrium
329 3185 372 3237 est
391 3185 510 3255 Madoip
537 3184 795 3254 contemptissimus
818 3187 874 3252 est,
892 3185 935 3239 ita
954 3187 983 3240 et
1000 3186 1031 3239 in
1048 3184 1123 3239 ludi-

103 3253 196 3308 brium
215 3255 265 3309 sol.
285 3254 352 3324 ling.
373 3256 416 3309 est
433 3255 571 3324 quondum
591 3255 686 3322 Gertz,
704 3271 780 3310 nunc
793 3256 868 3311 Recb
889 3255 900 3328 11
921 3256 955 3310 11
975 3255 1123 3311 effundent

103 3326 172 3391 eosq.
192 3324 342 3380 effundunt
359 3326 387 3380 A
412 3326 421 3398 11
446 3326 481 3379 12
500 3325 610 3380 hisdem
629 3327 657 3381 A
681 3325 692 3398 11
715 3326 751 3381 14
769 3325 893 3380 ioculare
912 3343 940 3380 e·
957 3328 1026 3398 oolp.
1046 3327 1123 3381 iocu-

103 3394 205 3469 larils'c-
223 3398 251 3452 A
272 3413 341 3452 eras.
359 3397 414 3452 oid.
435 3414 458 3451 e·
470 3413 533 3452 cum
558 3413 573 3450 e
596 3398 685 3468 lipatu
715 3397 726 3470 11
754 3396 788 3451 17
808 3397 942 3467 cenisque
968 3399 1089 3468 Ptesms'q
1113 3397 1123 3470 11

104 3466 140 3522 18
153 3467 270 3538 puerilis
286 3467 350 3522 odd.
366 3467 449 3523 Gertz
467 3468 476 3540 11
494 3465 531 3522 24
544 3469 641 3522 avaris
655 3467 697 3523 A¹
710 3485 777 3524 corr.
793 3486 827 3523 m.
842 3471 861 3523 2
877 3467 894 3540 11
905 3467 943 3522 lb
955 3468 1137 3536 augustiuus

104 3541 134 3593 et
151 3538 287 3593 unionum
302 3539 425 3595 Karsten
446 3539 450 3615 1
470 3539 679 3612 magistratuus
695 3541 723 3598 A
735 3538 807 3616 1111
821 3540 1000 3610 presentem
1014 3537 1047 3589 A

909 3645 949 3698 Q!
