2438 3846
382 157 432 213 ΒΕ
449 157 514 212 IRA
532 157 599 213 LIB.
613 157 634 212 1.
668 156 802 213 clera
819 163 853 214 18
1081 162 1125 229 65

108 327 166 389 per
195 327 228 370 se
257 304 340 369 ratio
370 303 486 370 fortior
514 304 584 371 est‘?
628 327 703 370 nam
730 325 804 370 oum
827 303 981 370 iudicavit
1003 305 1126 390 aliquid

109 393 303 478 faciendum,
334 393 370 458 in
401 415 439 458 eo
471 398 666 478 perseverat3
695 393 780 458 nihil
800 393 896 458 enim
927 394 1042 460 melius
1078 395 1126 458 in·

108 486 243 548 ventura
265 485 314 550 est
336 504 370 548 se
390 483 474 567 ipsa,
497 504 562 568 quo
581 486 735 548 muteturz
757 482 829 547 ideo
853 485 918 548 stat
935 483 1034 549 semel
1051 503 1126 548 oon·

108 572 237 638 stitutis.
290 573 371 636 iram
408 593 502 656 saepe
538 571 757 638 misericordia
791 575 877 636 retro
914 572 994 658 egit3
1029 572 1162 638 hebete

78 680 90 721 s
108 661 194 726 enim
215 683 282 726 non
303 661 442 727 solidum
460 662 558 726 robur
576 660 632 727 sed
649 682 767 726 vanum
785 664 945 741 tumorem
962 661 1127 727 violentis·

108 772 171 835 que
193 750 362 835 principiis
379 751 495 834 utitur,
516 771 583 815 non
602 750 695 815 aliter
713 771 814 834 quam¹
828 750 885 834 qui
902 771 922 814 a
939 753 1025 814 terra
1038 751 1127 815 venti

108 842 246 925 surgunt
268 843 301 905 et
322 839 510 905 fluminibus
534 838 770 923 paludibusque
793 837 941 922 consepti
965 839 1033 904 sine
1056 861 1126 924 per·

107 928 227 994 tinacia
249 929 451 994 vehementes
475 932 563 993 sunt:
586 928 702 1011 incipit
719 949 837 1013 magno
856 928 994 1011 impetu,
1012 928 1126 993 deinde
1145 945 1162 996 Ι

108 1017 218 1083 deficit
239 1021 313 1082 ante
335 1021 464 1102 tempus
487 1018 635 1104 fatigata,
656 1021 701 1101 et,
721 1038 802 1100 quae
819 1017 903 1082 nihil
921 1017 1010 1082 aliud
1029 1039 1126 1102 quam

65 1125 91 1167 ro
109 1106 330 1172 crudelitatem
352 1128 390 1172 ac
407 1128 493 1172 nova
510 1128 628 1194 genera
645 1127 821 1190 poenarum
839 1111 1033 1190 versaverat,
1052 1128 1126 1172 cum

109 1195 426 1261 animadvertendum
444 1200 506 1279 est,
528 1197 594 1285 iam
616 1196 719 1260 fracta
735 1195 882 1279 lenisque
900 1199 957 1262 est.
994 1196 1126 1261 affectus

109 1285 174 1350 cito
197 1284 296 1370 cadit,
319 1285 461 1370 aequalis
484 1289 534 1352 est
556 1286 648 1350 ratio.
693 1288 834 1350 ceterum
858 1285 955 1350 etiam
978 1285 1034 1350 ubi
1057 1303 1162 1370 per-e

109 1375 267 1440 asseravit
288 1375 351 1459 ire,
376 1395 634 1459 nonnumquam,
662 1374 689 1440 si
712 1374 821 1458 plures
845 1377 921 1440 sunt
943 1376 1000 1459 qui
1022 1375 1127 1459 perire

109 1467 307 1548 meruerunt,
336 1466 412 1548 post
440 1463 577 1529 duorum
604 1463 742 1528 triumve
769 1464 959 1549 sanguinem
983 1464 1127 1530 occidere

66 1571 91 1613 rs
109 1552 233 1619 desinit.
279 1553 378 1638 primi
407 1553 475 1619 eius
505 1553 588 1619 ictus
619 1573 706 1618 acres
737 1555 825 1619 sunt:
856 1553 903 1618 sic
931 1554 1127 1637 serpentium

109 1663 231 1708 venena
248 1664 268 1707 a
285 1642 385 1708 cubili
403 1642 602 1727 erepentium
620 1644 750 1726 nocent,
771 1641 896 1707 innoxii
914 1641 1024 1707 dentes
1044 1646 1128 1726 sunt,

109 1752 183 1796 cum
211 1731 286 1798 illos
315 1731 466 1816 frequens
493 1753 619 1798 morsus
647 1731 802 1798 exhausit.
848 1752 925 1817 ergo
948 1752 1015 1796 non
1037 1731 1163 1815 parias

109 1821 276 1905 patiuntur
303 1822 360 1905 qui
389 1821 480 1905 paria
506 1821 746 1904 commiserant,
768 1824 802 1885 et
824 1841 918 1904 saepe
941 1820 998 1904 qui
1020 1821 1127 1886 minus

109 1909 273 1976 commisit
303 1910 377 1995 plus
409 1911 545 1995 patitur,
582 1909 659 1994 quia
691 1910 862 1975 recentiori
895 1909 1048 1976 obiectus,
1071 1912 1127 1974 est.

66 2017 92 2059 ao
110 2002 144 2064 et
165 1999 200 2063 in
222 2002 328 2064 totum
351 2000 528 2084 inaequalis
548 2003 619 2065 est:
649 1998 746 2064 modo
769 1999 855 2064 ultra
878 2020 976 2083 quam
1000 2001 1129 2082 oportet

110 2088 264 2172 excurrit,
293 2088 389 2154 modo
420 2089 550 2154 citerius
580 2087 689 2154 debito
719 2089 853 2172 resistit3
881 2087 944 2154 sibi
971 2088 1058 2152 enim
1080 2087 1128 2152 in·

110 2177 223 2264 dulget
253 2181 286 2242 et
317 2199 356 2243 ex
386 2178 521 2243 libidine
553 2178 675 2243 iudicat
706 2181 739 2243 et
768 2177 878 2242 audire
904 2199 972 2243 non
998 2176 1070 2242 vult
1096 2180 1129 2242 et
1194 2187 1197 2191 ’

109 2267 290 2350 patrocinio
319 2288 386 2332 non
414 2267 570 2352 relinquit
597 2267 706 2333 locum
735 2271 768 2331 et
797 2288 835 2332 ea
861 2269 949 2331 tenet
976 2288 1058 2350 quae
1081 2267 1128 2330 in·

110 2356 194 2422 vasit
225 2359 257 2420 et
289 2356 370 2441 eripi
403 2357 465 2422 sibi
497 2356 652 2423 iudicium
680 2377 788 2440 suum,
814 2356 912 2421 etiam
941 2355 968 2420 si
991 2376 1127 2440 pravum

65 2463 92 2505 as
110 2449 172 2531 est,
194 2467 260 2515 uon
283 2446 368 2511 sinit.

199 2533 317 2600 XVIII
354 2534 450 2601 Ratio
480 2536 611 2620 utrique
632 2535 725 2620 parti
754 2538 882 2620 tempus
914 2533 983 2617 dat,
1015 2532 1162 2603 deinde1

110 2623 352 2691 advocationem
389 2629 422 2690 et
458 2625 521 2691 sibi
556 2626 651 2711 petit,
685 2628 724 2690 ut
759 2622 966 2690 excutiendae
1000 2621 1129 2687 veritati

111 2715 251 2798 spatium
282 2714 411 2780 babeat:
443 2715 492 2780 ira
523 2715 661 2782 festinat
707 2714 790 2779 ratio
823 2714 856 2779 id
887 2711 1029 2777 iudicare
1057 2710 1130 2778 vult

111 2803 197 2887 quod
227 2825 337 2869 aecum
367 2808 429 2870 est.
458 2804 507 2869 ira
529 2804 562 2869 id
586 2825 697 2870 aecum
720 2803 822 2869 videri
844 2803 916 2868 vult
938 2801 1025 2886 quod
1047 2799 1129 2865 iudi·

64 2911 92 2952 eo
110 2894 203 2958 cavit.
249 2895 331 2959 ratio
358 2894 406 2958 nil
433 2895 590 2979 praeter
581 2916 689 2979 ipsum
712 2893 751 2959 de
774 2914 838 2978 quo
862 2892 970 2979 agitur
992 2893 1128 2976 spectat:
1191 2938 1194 2942 ι

200 3033 331 3088 bdefioit
345 3046 361 3088 s
375 3033 481 3089 defecit
494 3035 522 3090 A
539 3033 550 3106 ΙΙ
568 3033 625 3089 11
616 3049 674 3089 ram
688 3033 762 3088 tract
749 3035 781 3088 to
789 3031 917 3160 1Muret'
909 3047 967 3086 rom
981 3031 1025 3086 irs
1037 3029 1131 3086 fracta

110 3105 147 3188 A,
160 3105 230 3159 aed
221 3121 265 3159 rra
278 3122 312 3160 ea
325 3121 393 3161 corr.
406 3105 448 3160 A¹
461 3111 551 3161 mtrem
564 3105 648 3178 victl
666 3104 788 3160 lbrim
813 3103 937 3160 A¹.corr
952 3120 986 3159 ec
998 3101 1127 3173 primosi

111 3175 151 3230 sic
165 3176 228 3231 AL
245 3176 320 3231 siout
334 3177 419 3248 eolpq
436 3177 509 3232 illud
522 3178 616 3246 utiqsee
748 3193 787 3244 m,
801 3191 895 3244 exemp
897 3175 926 3229 lo
939 3175 1047 3246 eollepit
1065 3173 1131 3230 Ubi.-

110 3249 267 3374 ΙΙΙ
220 3249 340 3375 ΙΙΙ
345 3193 763 3403 accredere
771 3191 1010 3373 secorbi
1019 3260 1131 3384 ΙΙΙ

110 3405 204 3445 verm
216 3388 259 3446 A¹
264 3388 287 3492 ΙΙ
303 3389 340 3446 18
354 3390 523 3446 comiserunt
536 3392 565 3447 A
581 3389 782 3446 commiserunt
794 3388 908 3444 Fickert
925 3405 959 3444 ex
977 3401 994 3442 s
1011 3387 1021 3461 ΙΙ
1039 3386 1074 3442 le
1088 3403 1131 3442 re·

111 3460 274 3521 centiorA¹
287 3477 356 3518 coer
370 3459 493 3547 ΑἸΙΙΙ
508 3461 854 3546 p‚qumAutroquelooo
872 3459 1134 3529 sedqecocom

110 3529 154 3587 A·
173 3532 177 3605 Ι
196 3531 290 3588 uideri
307 3530 372 3587 uult
390 3545 407 3587 s
424 3476 525 3589 uiden
535 3549 593 3590 non
608 3531 677 3591 uult
691 3535 720 3592 A

159 3639 438 3689 emmerami
447 3645 589 3692 nundus
936 3639 959 3688 b
