2438 3846
199 180 249 235 AD
270 179 464 235 PAVLINVM
482 179 532 234 DE
551 179 761 235 BltElVl'l'ATE
776 180 889 235 VITAE
909 180 1019 237 cape
1056 186 1122 252 283

96 329 254 412 qnantum
288 348 454 391 servorum
489 327 655 411 coercitio,
690 331 847 411 quantum
882 328 1030 395 officiosa
1065 351 1123 414 per
1150 337 1155 345 ’

96 416 211 482 urbem
235 415 441 500 discursatio,
468 415 559 482 adice
581 416 727 500 morbos,
750 438 831 500 quos
856 439 954 483 manu
976 419 1122 502 fecimus,

96 505 186 572 adice
219 508 252 572 et
284 504 371 589 quod
404 505 473 571 sine
503 527 565 571 usu
594 506 707 571 iacuit:
736 506 862 571 ridebis
892 511 924 573 te
954 507 1122 592 pauciores

96 616 197 662 annos
228 593 347 660 habere
370 615 467 678 quam
490 617 649 661 numeres.
694 598 803 685 repete
827 597 983 662 memoria
1005 601 1123 681 tecum,
1142 616 1158 665 s

65 684 225 770 equando
253 688 359 750 certus
387 684 516 750 consilii
545 684 657 769 fueris,
687 688 805 769 quotus
835 686 971 770 quisque
995 685 1062 751 dies
1086 690 1123 750 ut
1168 710 1170 715 ·

96 773 312 840 destinaveras
345 774 550 859 processerit,
584 774 712 858 quando
745 774 806 838 tibi
839 796 916 839 usus
935 775 993 839 >tui
1016 774 1123 858 fuerit,

97 862 226 948 qnando
250 863 285 927 in
307 866 395 928 stetu
414 885 473 928 suo
492 865 614 948 voltus,
638 864 766 948 quando
787 865 913 928 animus
932 864 1123 948 intrepidus,

96 951 175 1036 quid
203 952 264 1017 tibi
293 953 328 1016 in
356 957 423 1018 tarn
453 953 554 1039 longo
587 976 664 1018 aevo
695 953 773 1018 facti
804 954 910 1038 operis
939 953 994 1036 sit,
1025 975 1123 1038 quam

95 1040 192 1106 multi
223 1042 323 1106 vitem
356 1045 447 1106 tuam
477 1041 668 1126 diripuerint
697 1046 730 1107 te
759 1065 827 1107 non
856 1042 1014 1108 sentiente
1044 1043 1123 1127 quid

50 1155 77 1196 ιο
95 1129 257 1215 perderes,
289 1135 447 1214 quantum
474 1152 576 1196 vanus
600 1131 706 1215 dolor,
736 1131 837 1196 stulta
859 1132 996 1215 laetitia,
1029 1132 1124 1197 avida

97 1219 273 1303 cupiditas,
290 1220 409 1285 blanda
427 1221 628 1286 conversatio
648 1221 832 1304 abstulerit,
851 1242 948 1304 quam
968 1222 1122 1306 exiguum

96 1309 156 1373 tibi
180 1308 219 1373 de
238 1311 295 1372 tuo
314 1309 462 1375 relictum
484 1309 539 1375 sit:
561 1309 730 1395 intelleges
748 1314 780 1373 te
799 1309 998 1374 inmaturum
1018 1311 1122 1374 mori'

96 1398 174 1483 quid
211 1419 287 1484 ergo
325 1402 374 1463 est
410 1398 445 1462 in
482 1399 599 1464 causa?
654 1403 809 1482 tanquam
846 1420 972 1483 semper
1004 1399 1158 1466 victuri4

95 1487 218 1570 vivitis,
241 1508 420 1572 numquam
443 1488 537 1553 vobis
556 1487 715 1573 fragilitas
734 1493 842 1553 vestra
860 1490 1033 1573 succurrit,
1055 1510 1122 1553 non

50 1599 76 1639 15
96 1576 288 1660 observatis,
317 1581 475 1660 quantum
498 1578 563 1641 iam
587 1578 742 1662 temporis
765 1578 943 1661 transierit3
970 1579 1060 1643 velut
1083 1600 1122 1643 ex

95 1667 191 1751 pleno
223 1669 255 1731 et
276 1666 453 1731 abundanti
476 1667 624 1751 perditis,
655 1688 729 1733 cum
752 1666 881 1731 interim
905 1667 1043 1732 fortasse
1066 1667 1122 1732 ille

95 1757 164 1839 ipse
184 1757 240 1838 qui
258 1754 381 1838 aliquoi
399 1756 451 1821 vel
468 1755 594 1821 homini
612 1757 663 1820 vel
681 1756 728 1821 rei
747 1756 887 1820 donatur
905 1756 972 1821 dies
987 1756 1121 1821 ultimus

95 1845 145 1910 sit.
183 1845 292 1909 omnia
314 1847 480 1930 tamquam
499 1846 649 1910 mortales
669 1846 805 1929 timetis,
828 1847 937 1911 omnia
953 1851 1121 1930 tamquam

95 1934 293 1999 immortales
329 1935 566 2018 concupiscitis.
620 1934 729 2000 audies
762 1936 934 2019 plerosque
965 1935 1156 2001 dicentes:5

49 2044 76 2084 so
95 2023 130 2088 ‘a
153 2023 420 2108 quinquagesimo
440 2046 524 2088 anno
543 2024 578 2088 in
597 2024 699 2089 otium
720 2025 879 2108 secedam,
902 2025 1120 2111 sexagesimus

95 2133 147 2177 me
188 2134 290 2177 annus
333 2114 372 2178 ab
411 2112 528 2178 officiis
567 2113 728 2179 dimittet?
787 2118 819 2179 et
856 2135 953 2198 quem
989 2114 1121 2179 tandem

94 2200 251 2286 longioris
265 2201 350 2266 vitae
364 2202 515 2286 praedem
530 2203 671 2287 accipis?
710 2202 782 2287 quis
801 2203 864 2268 iste
877 2203 962 2269 sicut
976 2203 1121 2286 disponis

95 2290 142 2355 ire
170 2290 334 2376 patietur?
377 2314 445 2356 non
472 2291 572 2376 pudet
598 2296 632 2356 te
655 2292 807 2377 reliquias
830 2293 915 2357 vitae
938 2291 1000 2355 tibi
1022 2314 1122 2357 reser-

94 2401 169 2445 vare
192 2383 225 2445 et
248 2381 282 2445 id
305 2381 410 2446 solum
433 2386 562 2466 tempus
584 2382 689 2447 bonae
712 2381 813 2446 menti
836 2380 1010 2464 destinare,
1033 2381 1122 2465 quod

50 2489 76 2530 as
94 2468 130 2534 in
152 2470 276 2534 nullam
300 2492 368 2534 rem
392 2469 531 2535 conferri
553 2470 681 2554 possit?
719 2492 815 2554 quam
839 2491 946 2534 serum
971 2474 1020 2536 est
1042 2473 1122 2536 tunc

94 2557 202 2623 vivere
224 2557 380 2642 incipere,
403 2580 477 2623 cum
496 2558 706 2624 desinendum
725 2558 796 2623 est?
834 2578 915 2642 quae
933 2562 1002 2623 tam
1021 2559 1121 2623 stulta

95 2646 300 2711 mortalitatis
320 2646 441 2713 oblivio
460 2647 495 2712 in
513 2648 819 2734 quinquagesimum
837 2651 870 2712 et
883 2647 1120 2733 sexagesimum

94 2757 215 2800 annum
229 2735 356 2801 differre
371 2757 449 2801 sana
462 2737 597 2802 consilia
611 2736 731 2801 atinde
745 2737 828 2802 velle
842 2735 943 2801 vitam
959 2736 1121 2820 inchoare,

95 2844 160 2907 quo
182 2825 279 2910 pauci
300 2823 541 2909 perduxerunt?

94 2991 190 3035 reuss
207 2996 252 3035 res
270 2980 406 3038 Schultess
427 2981 438 3053 11
459 2980 478 3035 8
497 2981 578 3037 adice
598 2984 629 3037 et·
645 2982 721 3049 quod
738 2983 835 3037 Haase
853 2981 935 3036 adice
955 2982 1030 3050 quod
1050 2983 1079 3036 et
1093 2984 1120 3036 A

96 3050 151 3106 adi.
181 3051 257 3119 quod
276 3051 337 3106 eius
354 3051 435 3107 Gertz
454 3052 510 3106 edi.
535 3052 611 3119 quod
626 3053 689 3106 aevi
702 3053 840 3108 &aalma
853 3053 915 3122 (cfr.
925 3052 993 3108 dial.
1004 3053 1054 3108 IX
1066 3056 1121 3119 2,6

93 3136 121 3188 p.
135 3124 200 3189 247,
212 3125 250 3177 28
267 3129 294 3177 et
310 3125 374 3189 248,
389 3125 416 3191 1)
435 3123 439 3194 1
459 3126 489 3177 te
507 3124 575 3194 colp.
592 3123 615 3177 u
628 3125 657 3179 A
674 3123 685 3195 11
703 3123 721 3176 5
734 3125 837 3192 quotus
852 3140 921 3178 corr.
937 3140 971 3178 ea
985 3123 1065 3178 octus
1079 3122 1122 3178 A'

95 3191 193 3246 deinde
207 3192 249 3248 A⁶
266 3193 312 3265 116
330 3195 499 3262 processerit
516 3193 598 3248 Gertz
616 3195 764 3249 recesserit
777 3196 806 3250 A
823 3194 834 3267 11
852 3193 887 3249 12
905 3194 961 3248 tibi
977 3211 998 3249 e.
1014 3211 1038 3249 c.
1054 3194 1119 3248 add.

95 3261 177 3332 A⁸(?)
186 3262 197 3334 11
210 3263 246 3318 16
254 3264 374 3333 perditis
384 3266 411 3320 A
425 3264 581 3334 inpenditis
592 3266 671 3320 Koch
684 3265 838 3334 impertitis
851 3265 987 3321 Schultess
999 3265 1010 3337 11
1023 3265 1057 3320 17
1069 3264 1120 3318 ali-

95 3333 163 3402 quoi
177 3334 260 3391 Gertz
278 3336 374 3406 aliquo
386 3337 428 3391 A¹
443 3336 529 3391 alicui
539 3337 581 3392 A⁵
593 3336 603 3408 11
622 3336 657 3392 18
671 3337 709 3391 sit
723 3339 750 3393 A
769 3337 819 3406 cfr.
835 3338 903 3392 dial.
918 3337 969 3392 IV
981 3341 1027 3403 27,
1040 3340 1059 3390 2
1078 3339 1121 3391 est

100 3406 260 3480 Wesenberg
281 3418 283 3478 1
305 3409 350 3463 De
368 3409 457 3465 certis
475 3411 569 3464 omnia
584 3411 730 3477 tamquam
748 3426 784 3464 m.
795 3412 816 3464 t.
830 3410 891 3465 eide
906 3427 976 3479 quoe
990 3409 1121 3464 dixerunt

97 3477 179 3533 (ἔθνει
194 3479 227 3533 in
241 3480 303 3536 edit.
319 3488 345 3535 et
359 3482 420 3536 Joo.
432 3483 539 3537 Mdller
552 3483 584 3534 ic
597 3485 665 3536 acris
681 3482 760 3536 cuod.
775 3481 886 3537 Wndoo
900 3481 954 3537 ΟΧ
961 3482 1039 3536 VIH
1053 3485 1123 3533 188ss

90 3567 120 3619 p.
129 3553 167 3605 20
179 3549 190 3622 11
202 3550 238 3605 lo
252 3553 456 3620 concupiscetis
466 3554 494 3609 A
508 3571 578 3610 cors.
593 3555 664 3626 oolp.
674 3553 740 3629 11111
752 3561 818 3624 poet
830 3553 911 3608 sicut
924 3552 1012 3604 Gertz
1022 3550 1065 3598 tu
1076 3546 1140 3596 ade.
