2438 3846
120 157 184 223 322
314 152 345 206 12.
359 150 503 206 ANNAEI
521 144 686 205 SENECAE
705 141 801 204 DIAL.
816 148 884 205 LIB.
898 147 945 204 XI.

121 303 182 384 est,
212 321 286 365 cum
313 297 355 362 ad
382 297 557 362 utilitatem
584 295 730 380 respicit,
759 317 779 360 a
805 294 925 379 pietate
955 294 1146 379 desciscar03

120 389 204 454 nihil
226 391 334 453 autem
357 387 464 451 minus
487 386 574 451 bono
597 385 668 450 viro
691 384 842 450 convenit
865 406 962 468 quam
984 383 1020 449 in
1037 383 1146 450 fratris

85 495 101 544 2
121 480 213 544 luctu
236 476 377 542 calculos
401 497 528 561 ponere.
575 474 604 540 si
626 474 714 539 illius
737 473 869 540 nomine
888 473 996 558 doleo,
1017 493 1147 540 necesse

122 571 171 633 est
202 566 394 632 alterutrum
424 586 464 630 ex
492 564 544 630 his
574 564 700 629 duobus
730 585 799 630 esse
829 563 981 629 iudicem:
1005 583 1090 629 nam
1120 562 1147 629 si

121 656 231 721 nullus
260 654 421 720 defunctis
449 675 561 720 sensus
590 656 750 738 superest,
782 651 884 718 evasit
912 653 1021 718 omnia
1048 652 1148 718 frater
1176 670 1187 713 s

122 768 212 810 meus
235 745 321 809 ritae
344 742 550 810 incommoda
572 743 662 808 etin
684 765 758 807 eum
775 741 944 808 restitutus
963 744 1012 806 est
1029 741 1147 826 iocum,

123 835 158 899 in
186 855 250 917 quo
279 833 384 898 fuerat
412 835 585 916 antequam
612 835 810 915 nasceretur,
840 834 872 896 et
900 845 1021 916 expers
1042 830 1148 896 omnis

123 923 202 988 mali
229 922 313 988 nihil
339 923 448 1006 timet,
474 921 557 987 nihil
585 922 688 1007 cupit,
715 921 799 986 nihil
826 920 962 1004 patitur:
990 920 1063 1006 quis
1086 920 1147 987 iste

123 1013 215 1077 furor
245 1016 293 1078 est
322 1034 382 1097 pro
414 1034 452 1077 eo
482 1034 535 1076 me
562 1032 741 1096 numquam
769 1010 878 1075 dolere
906 1009 1063 1094 desinere,
1093 1009 1150 1095 qui

88 1118 301 1187 enumquam
320 1101 479 1167 doliturus
499 1100 569 1166 cst?
605 1101 634 1166 si
651 1104 700 1165 est
719 1099 835 1184 aliquis
855 1099 1013 1166 defunctis
1028 1120 1151 1183 sensus,
1167 1119 1191 1160 ro

124 1213 211 1257 nunc
248 1191 375 1255 animus
412 1190 521 1255 fratris
558 1189 623 1254 mei
658 1190 749 1254 reiut
784 1211 825 1254 ex
861 1188 986 1255 diutino
1023 1209 1150 1255 carcere

56 1292 59 1297 ’
126 1281 276 1364 emissus,
302 1279 433 1344 tandem
461 1278 512 1358 sui
539 1278 618 1343 iuris
646 1282 680 1344 et
702 1277 840 1362 arbitrii,
868 1277 966 1365 gestit
989 1281 1021 1343 et
1043 1299 1151 1344 rerum

125 1373 258 1434 naturae
287 1370 471 1453 spectaculo
499 1367 619 1433 fruitur
646 1371 678 1432 et
704 1367 847 1433 humana
875 1367 984 1432 omnia
1010 1389 1052 1432 ex
1076 1367 1151 1434 loco

126 1458 291 1543 superiore
314 1458 465 1543 despicit,
492 1457 601 1523 divina
623 1479 714 1540 vero,
742 1478 880 1540 quorum
903 1457 1061 1523 rationem
1084 1460 1152 1523 tam

127 1547 183 1612 diu
209 1547 331 1613 frustra
359 1547 553 1631 quaesierat,
579 1547 715 1632 propius
743 1547 893 1611 intuetur.
941 1545 1019 1630 quid
1042 1547 1152 1631 itaque
1170 1565 1193 1608 rs

127 1637 197 1701 eius
219 1635 376 1701 desiderio
399 1657 558 1719 maceror,
581 1636 638 1721 qui
661 1640 716 1702 aut
739 1635 851 1702 beatus
875 1638 932 1700 aut
953 1637 1063 1704 nullus
1082 1634 1154 1701 est?

128 1725 258 1790 beatum
290 1724 406 1808 deflere
432 1725 561 1809 invidia
593 1728 655 1808 est,
686 1725 814 1790 nullum
842 1723 1023 1810 dementia!
1068 1721 1152 1811 [28]

92 1829 170 1879 san
201 1815 264 1880 hoc
295 1817 328 1879 te
360 1817 484 1898 movet,
517 1814 604 1898 quod
636 1812 765 1879 videtur
795 1813 980 1900 ingentibus
1012 1817 1045 1879 et
1077 1835 1152 1880 cum

129 1903 267 1968 maxime
295 1903 499 1968 circumfusis
527 1902 621 1968 bonis
651 1902 813 1969 caruisse?
859 1925 933 1969 cum
960 1902 1153 1988 cogitaveris

129 1992 233 2056 multa
256 2013 338 2074 esse,
363 2012 445 2074 quae
463 1991 618 2077 perdidit,
641 1993 750 2078 cogita
767 1994 861 2077 plura
880 2014 962 2076 esse,
986 2014 1068 2077 quaa
1086 2012 1155 2058 non
1172 2011 1197 2054 so

128 2081 234 2145 timet:
256 2101 322 2145 non
341 2080 389 2144 ira
408 2103 481 2146 eum
499 2081 677 2167 torquebit,
694 2104 762 2146 non
780 2082 912 2147 morbus
931 2081 1069 2167 affliget,
1086 2102 1155 2148 non

132 2169 271 2254 suspicio
299 2171 448 2253 lacesset,
476 2192 543 2235 non
570 2171 651 2235 edax
680 2175 712 2235 et
738 2170 869 2236 inimica
892 2193 1018 2255 semper
1040 2169 1154 2237 alienis

129 2258 333 2343 processibus
366 2258 488 2324 invidia
520 2260 770 2342 consectabitur,
802 2281 869 2324 non
900 2264 1005 2326 metus
1033 2259 1155 2328 sollici-

129 2345 225 2431 tabit,
260 2369 327 2412 non
362 2348 477 2413 levitas
514 2348 663 2414 fortunae
700 2348 765 2414 cito
797 2371 931 2415 munera
963 2370 1021 2414 sua
1051 2353 1156 2415 trans·

129 2436 262 2501 ferentis
292 2436 494 2520 inquietabit.
541 2437 569 2503 si
599 2438 679 2502 bene
710 2441 892 2522 computes,
925 2439 999 2522 plus
1029 2438 1079 2502 illi
1107 2458 1154 2504 re·
1172 2460 1197 2504 es

95 2525 266 2592 amissum
294 2546 392 2608 quam
420 2528 567 2611 ereptum
590 2531 646 2592 est.
692 2549 759 2591 non
784 2526 900 2612 opibus
923 2527 1062 2613 fruetur,
1088 2548 1156 2593 non

130 2619 187 2680 tua
215 2614 312 2680 simul
338 2637 376 2681 ac
404 2638 462 2680 sua
489 2616 607 2701 gratia,
633 2638 701 2680 non
728 2615 864 2700 accipiet
891 2615 1062 2700 beneficia,
1088 2639 1157 2683 non

65 2780 67 2784 ¹
131 2703 234 2770 dabit:
270 2702 423 2769 miserum
448 2709 558 2789 putas,
584 2705 671 2788 quod
702 2704 766 2770 ista
793 2704 917 2788 amisit,
947 2727 989 2770 an
1014 2706 1156 2791 beatum,

133 2793 219 2878 quod
248 2814 316 2858 non
345 2792 525 2858 desiderat?
570 2793 652 2858 mihi
680 2793 785 2878 crede,
816 2795 843 2858 is
866 2795 990 2860 beatior
1013 2799 1075 2879 est,
1103 2795 1157 2861 cui

130 2883 263 2948 fortuna
285 2903 484 2966 supervacua
507 2886 567 2966 est,
591 2904 688 2966 quam
710 2883 752 2966 is,
776 2883 829 2949 oui
851 2886 964 2967 parata
986 2888 1042 2949 est.
1089 2906 1156 2949 om·
1174 2908 1200 2949 so

132 2973 187 3037 nia
208 2971 272 3038 ista
293 2972 393 3056 bona,
421 2992 502 3056 quae
524 2992 584 3036 nos
609 2972 754 3056 speciosa
778 2973 833 3037 sed
855 2971 966 3038 fallaci
988 2974 1157 3059 voluptate

132 3060 307 3145 delectant,
328 3061 478 3146 pecunia,
496 3060 651 3147 dignitas,
669 3061 815 3146 potentia
833 3061 960 3146 aliaque
979 3064 1157 3149 complura,

113 3282 120 3302 ,
223 3234 240 3290 4
263 3236 296 3290 de
318 3236 456 3305 singulari
478 3250 545 3289 nam
568 3237 770 3291 coniunctionis
791 3253 846 3291 aaa
866 3236 948 3292 Gertz
970 3244 1034 3308 apte
1052 3239 1158 3307 confert

137 3307 258 3378 Thucyd.
284 3307 327 3362 VI
349 3310 431 3373 24‚3
464 3307 568 3362 Votleu
597 3308 635 3361 od
662 3308 777 3363 Aristot.
806 3308 904 3376 poetic.
933 3325 963 3377 p.
986 3313 1081 3365 mssa
1105 3315 1158 3378 31;

134 3378 195 3433 cide
213 3383 238 3433 et
256 3377 341 3433 Hade
359 3379 454 3432 Herm.
474 3377 615 3432 XXXVI
636 3380 724 3446 (1901)
746 3395 776 3447 p.
793 3382 846 3432 313
866 3379 1009 3433 XXXIX
1028 3396 1059 3449 p.
1075 3385 1130 3437 476
1148 3382 1158 3452 tl

128 3448 169 3502 16
184 3463 314 3505 maceror
333 3448 357 3505 0
377 3463 504 3503 marceor
518 3449 545 3502 B
563 3447 573 3519 1)
591 3447 626 3502 18
645 3448 759 3503 uidetur
778 3449 801 3504 C
818 3456 844 3503 et
862 3449 930 3518 colp.
949 3449 1114 3506 uidentibus
1129 3452 1158 3506 B

62 3529 68 3539 ⁴
119 3517 236 3576 ridetur
254 3519 313 3576 tibi
333 3519 418 3579 Gertz
434 3520 447 3596 ΙΙ
464 3519 500 3578 30
518 3522 623 3593 parata
644 3521 665 3578 0
683 3523 767 3592 parta
784 3522 938 3576 Pomanus
