2438 3846
366 588 407 659 n.
435 585 627 659 ENNEEI
655 584 875 660 sEnEoEE

172 762 665 864 DIALOGORVM
691 761 913 862 LIBER
941 763 1082 864 VIII.

521 936 564 979 An
579 937 728 980 snm

541 1062 592 1116 DE
612 1060 706 1116 OTIO.

571 1211 678 1218 ——-

79 1352 93 1400 1
201 1331 226 1398 E
263 1331 346 1418 [28]
370 1329 531 1371 ******
550 1331 607 1415 eil,
630 1331 724 1397 nobis
744 1335 862 1418 magno
882 1353 1040 1399 eonsensu
1058 1303 1140 1397 vilia

113 1421 346 1489 commendant.
382 1421 459 1487 lieet
476 1420 560 1485 nihil
577 1421 679 1504 aliud,
703 1421 790 1504 quod
808 1420 1018 1504 sitoniam,
1035 1424 1137 1506 tomo

113 1516 231 1595 temus,
254 1510 399 1595 proderit
420 1514 530 1574 tamen
548 1532 606 1595 per
623 1532 657 1575 se
675 1509 783 1594 ipsum
803 1510 965 1576 secedere:
988 1511 1136 1576 meliores

113 1601 232 1666 erimus
256 1600 386 1686 singuli.
428 1599 518 1683 quid,
542 1598 630 1683 quod
653 1599 798 1665 seeedere
821 1600 862 1663 ad
885 1600 1026 1684 optimos
1050 1599 1137 1664 viros

114 1695 147 1755 ei
165 1689 297 1775 aliquod
316 1689 499 1773 exemplum
518 1689 650 1775 eligere,
668 1688 709 1753 ad
728 1688 815 1773 quod
831 1688 932 1753 vitani
946 1689 1138 1776 defigamus,
1169 1708 1182 1750 s

113 1778 212 1845 lieet?
248 1779 424 1862 quodnisi
445 1778 480 1841 in
507 1778 574 1844 olio
597 1799 664 1842 non
686 1779 732 1843 fit.
765 1781 843 1843 tuno
865 1781 974 1862 potest
997 1776 1137 1864 optinen'

114 1868 202 1953 quod
225 1867 325 1933 semel
346 1866 482 1951 placuit,
505 1866 562 1931 ubi
584 1888 680 1932 nemo
699 1866 885 1950 intervenit,
908 1866 965 1952 qui
982 1865 1137 1934 iudicium

114 1956 220 2022 adhno
256 1956 443 2022 inbecillum
480 1955 602 2040 populo
639 1955 785 2022 adiutore
821 1956 1034 2042 detorqueat3v
1060 1959 1138 2022 tune

114 2050 223 2132 potest
255 2047 323 2111 vita
355 2045 482 2129 aequali
513 2048 546 2110 ei
576 2067 641 2109 uno
673 2049 785 2111 tenore
817 2046 1003 2130 proaedere,
1040 2067 1137 2131 quam

80 2135 291 2221 apropositis
321 2135 547 2201 diversissimis
577 2134 761 2201 scindimus.
813 2157 889 2200 nam
917 2135 1005 2205 ¹inber
1032 2139 1138 2202 sotera
1156 2154 1183 2195 ιο

114 2226 200 2290 mola
231 2225 312 2290 illud
344 2225 520 2309 pessimum
552 2228 614 2307 est,
647 2224 734 2309 quod
765 2223 845 2288 vitia
871 2224 943 2310 ipsa
964 2227 1136 2290 mutamus.

115 2315 162 2380 sie
182 2336 225 2379 ne
247 2314 311 2379 hoo
333 2314 463 2397 quidem
485 2313 581 2378 nobis
604 2312 765 2398 contingit
788 2334 973 2397 permanere
995 2313 1031 2378 in
1051 2313 1136 2378 malo

115 2405 180 2468 iam
206 2402 367 2467 familiari.
413 2403 501 2468 aliud
529 2424 569 2467 ex
596 2403 660 2466 alio
682 2402 789 2485 plaoei
811 2405 969 2487 vexatque
991 2423 1052 2467 nos
1075 2402 1138 2467 hoo

116 2513 257 2578 quoque,
288 2491 375 2576 quod
404 2492 523 2557 iudicia
551 2495 662 2556 nostra
688 2512 755 2555 non
784 2494 912 2557 lantum
938 2513 1052 2576 prava,
1081 2491 1137 2557 sed

116 2581 213 2648 etiam
242 2582 328 2646 levia
357 2586 446 2646 suni:
478 2581 674 2646 fluetuamur
703 2578 855 2665 aliudque
887 2602 929 2646 ex
958 2581 1022 2668 alio
1051 2598 1183 2647 eom-15

204 2756 222 2825 1
240 2758 294 2827 (eii
311 2758 371 2825 aut)
392 2756 432 2810 eit
450 2755 492 2811 A¹
513 2762 546 2811 ut
562 2755 618 2810 oid.
638 2753 705 2809 oirei
724 2753 766 2809 A⁶
787 2769 867 2808 eure
890 2755 894 2826 Ι
925 2755 944 2808 6
962 2754 1088 2822 <nisi>
1106 2754 1138 2808 in

116 2829 175 2883 olio
193 2840 251 2882 non
266 2828 376 2884 Gronov
385 2827 484 2892 duolio
503 2843 561 2882 non
573 2827 601 2882 A
620 2826 681 2880 sine
699 2825 757 2880 otIo
775 2843 833 2880 nou
850 2830 891 2894 (oe
919 2825 950 2879 in
966 2827 1025 2880 otio
1041 2825 1137 2894 modo)

118 2900 215 2965 Germ
240 2901 401 2954 maesiam
426 2898 502 2967 quod
521 2914 648 2952 ...non
671 2897 703 2950 fit
725 2899 907 2966 appositionis
930 2898 987 2953 loeo
1008 2898 1048 2953 ee‘a
1067 2913 1138 2966 quoe

116 2977 267 3041 aequuum
284 2971 415 3040 odianqs't
431 2970 503 3025 Idem
524 2973 527 3034 Ι
548 2968 671 3024 obtineri
685 2969 804 3038 Medeia
822 2969 950 3037 optinere
964 2968 992 3023 A
1009 2967 1020 3040 ΙΙ
1043 2968 1078 3023 12
1096 2968 1137 3022 sio

116 3059 152 3098 no
170 3043 238 3113 uolo.
258 3042 318 3096 sine
331 3041 360 3096 A
377 3043 388 3114 ΙΙ
410 3040 445 3094 la
462 3040 518 3094 heo
537 3056 648 3109 quoqne
661 3039 690 3094 A
708 3056 777 3095 corr.
793 3040 861 3110 only.
881 3040 892 3112 l!
914 3038 950 3093 15
967 3038 1138 3093 fluctuamur

119 3114 202 3170 Gora
226 3112 365 3168 flnctuum’
385 3111 428 3167 Α6
449 3113 544 3180 prima
565 3113 705 3180 scriptura
726 3128 807 3167 eraso
830 3113 858 3179 (i.
873 3128 894 3166 e.
914 3110 1083 3165 fluctuamus
1106 3115 1138 3166 ut

116 3186 184 3255 eolo.
200 3185 307 3250 editum
323 3184 370 3238 aed
387 3183 503 3237 alteram
520 3182 639 3249 ferinum
657 3183 719 3237 Sea.
733 3183 789 3237 vid.
802 3184 982 3251 practichen
1000 3180 1138 3236 fluetuare

117 3257 175 3311 nisi
198 3272 232 3311 ex
257 3256 274 3308 I.
295 3260 353 3309 not.
375 3259 475 3322 quaest.
498 3254 553 3307 III
569 3258 644 3319 14,1
668 3254 713 3309 VI
726 3260 752 3321 1,
766 3258 799 3320 4,·
822 3259 848 3319 7,
863 3259 881 3308 6
902 3254 985 3308 Herc.
1005 3253 1063 3319 fier.
1083 3256 1139 3307 699

117 3329 194 3398 ept'ot.
214 3331 240 3393 4,
254 3330 281 3392 5,
298 3325 347 3379 adi
364 3326 396 3379 ia
413 3342 433 3395 p
449 3324 542 3380 ,codiee
561 3323 701 3378 fluctuant
718 3341 786 3381 corr.
806 3331 845 3380 eet
863 3341 897 3380 ex
913 3322 1044 3391 flectant,
1062 3327 1136 3390 om

111 3398 158 3465 (ID
174 3414 235 3452 non
252 3397 374 3465 motam)
438 3426 441 3431 <
