2438 3846
73 152 139 218 348
265 149 454 205 niumm
472 148 638 206 sursera
655 148 909 207 omnnrnxn

72 299 231 361 terrarum
263 295 371 361 hiatus
403 299 460 362 aut
491 296 601 380 aliqua
631 295 835 362 intoleranda
865 296 1005 362 infelicis
1038 296 1103 362 soli

72 386 154 451 vitia
177 386 353 470 eiecerunt3
376 385 534 470 quosdam
556 385 673 452 fertilis
697 407 771 451 orae
795 385 885 451 etin
906 388 1010 452 maius
1033 387 1102 451 lau-

72 474 166 540 datae
188 476 277 541 fama
298 476 459 560 corrupit.
505 476 587 542 alios
610 475 675 542 alia
698 498 796 543 causa
813 475 933 541 excivit
951 476 1101 542 domibus

37 564 154 631 esuis:
182 565 265 631 illud
294 565 408 650 utique
437 565 646 631 manifestum
674 569 736 650 est,
770 564 854 631 nihil
884 564 997 630 eodem
1025 566 1101 632 loeo

72 655 241 737 mansisse,
270 675 333 738 quo
362 656 509 741 genitum
537 658 593 720 est.
640 655 793 722 adsiduus
817 653 944 742 generis
966 655 1102 720 humani
1134 675 1147 715 s

72 743 236 811 discursus
259 746 322 827 est3
352 744 471 810 cotidie
494 743 617 827 aliquid
640 745 676 810 in
698 750 766 810 tam
789 765 907 831 magno
932 743 1009 809 orbe
1032 767 1101 810 mu-

71 836 172 900 tatur:
201 855 287 898 nova
313 833 443 900 urbium
470 834 681 901 fundamenta
708 835 883 918 iaciuntur,
911 855 998 898 nova
1025 855 1101 920 gen-

71 923 154 988 tium
185 923 319 989 nomina
351 924 502 990 extinctis
533 923 696 1008 prioribus
729 926 785 988 aut
817 925 853 989 in
884 922 1102 1008 accessionem

71 1011 237 1078 validioris
265 1014 429 1079 conversis
457 1014 614 1079 oriuntur.
662 1035 772 1078 omnes
800 1017 909 1098 autem
935 1013 1017 1078 istae
1044 1033 1101 1097 po-

71 1101 224 1185 pulorum
265 1103 556 1188 transportationes
594 1102 673 1186 quid
709 1102 797 1167 aliud
835 1125 933 1187 quam
968 1102 1102 1186 publica
1120 1121 1148 1163 ιο

35 1190 169 1256 eexilia
191 1191 289 1257 sunt?
325 1193 403 1276 quid
423 1194 456 1256 te
474 1196 543 1258 tam
560 1192 660 1277 longo
680 1190 852 1258 circumitu
869 1191 986 1257 traho?
1022 1191 1102 1276 quid

70 1279 205 1346 interest
238 1303 424 1346 enumerare
456 1279 656 1356 Antenorem
687 1279 803 1346 Patavi
835 1282 1036 1347 conditorem
1069 1285 1102 1346 et

70 1368 261 1435 Euandrum
278 1370 314 1435 in
331 1370 404 1455 ripa
416 1369 543 1435 Tiberis
562 1392 663 1457 regna
676 1369 841 1436 Arcadum
855 1370 1102 1436 conlocantem?

72 1459 151 1543 quid
168 1458 350 1526 Diomeden
372 1459 533 1544 aliosque,
556 1481 637 1543 quos
656 1459 834 1526 Troianum
856 1459 978 1525 bellum
996 1460 1102 1527 victos

36 1549 170 1614 rsimul
197 1549 402 1632 victoresque
430 1570 488 1634 per
521 1548 642 1616 alienas
670 1552 771 1614 terras
800 1548 992 1634 dissipavit?
1037 1548 1102 1614 Ro-
1121 1567 1148 1610 rs

70 1660 203 1704 manum
239 1639 413 1722 imperium
448 1660 567 1724 nempe
603 1642 768 1705 auctorem
800 1640 928 1704 exulem
959 1639 1102 1724 respicit,

71 1748 168 1812 quem
197 1729 375 1814 profugum
408 1731 504 1813 capta
535 1729 656 1813 patria,
689 1729 823 1814 exiguas
855 1729 1008 1813 reliquias
1038 1731 1103 1794 trs·

70 1816 201 1882 hentem
234 1818 409 1884 necessitas
442 1820 475 1882 et
501 1818 634 1883 victoris
662 1822 768 1884 metus
795 1819 977 1904 longinqua
1007 1839 1103 1902 quae·

69 1909 195 1972 rentem
226 1906 263 1973 in
288 1905 417 1972 Italiam
450 1906 575 1972 detulit.
620 1906 675 1972 hie
706 1907 822 1973 deinde
849 1908 991 1993 populus
1022 1911 1103 1992 quot

52 1995 215 2062 colonias
238 1997 274 2061 in
297 2016 426 2061 omnem
444 1996 646 2080 provinciam
665 1997 768 2062 misitl
809 1997 1005 2081 ubicumque
1022 1998 1103 2063 vicit
1120 2017 1149 2059 ro

70 2082 251 2170 Romanus,
278 2085 412 2150 habitat.
459 2083 498 2150 ad
527 2084 612 2151 hanc
639 2088 927 2152 commutationem
953 2086 1102 2152 locorum

69 2174 207 2242 libentes
230 2175 364 2240 nomina
386 2174 506 2240 dabant
529 2178 562 2239 et
578 2174 700 2241 relictis
719 2176 784 2241 aris
803 2177 870 2242 suis
890 2179 981 2241 trans
999 2176 1103 2242 maria

34 2265 265 2350 esequabatur
294 2265 428 2332 colonos
457 2286 562 2330 senex
614 2287 665 2331 res
694 2266 824 2349 quidem
848 2287 916 2331 non
942 2265 1103 2332 desiderat

69 2354 214 2439 plurium
245 2354 534 2438 enumerationem
563 2376 665 2420 unum
692 2359 803 2421 tamen
830 2356 982 2440 adiciam,
1014 2356 1101 2439 quod

70 2443 105 2508 in
128 2445 240 2510 oculos
266 2465 300 2509 se
323 2443 456 2531 ingerit:
478 2443 559 2508 haec
581 2444 653 2529 ipsa
675 2444 783 2510 insula
802 2467 897 2530 saepe
915 2446 980 2510 iam
999 2446 1101 2517 culto·
1120 2465 1147 2508 as

70 2554 121 2597 res
157 2533 304 2597 mutarit.
350 2537 389 2598 ut
424 2531 622 2617 antiquiora,
661 2553 741 2616 quae
778 2536 922 2600 vetustas
956 2535 1100 2618 obduxit,

70 2625 246 2706 transeam,
275 2619 418 2687 Phocide
446 2621 561 2687 relicta
588 2620 691 2706 Graii,
722 2623 778 2706 qui
808 2644 895 2689 nunc
922 2622 1101 2689 Massiliam

70 2709 231 2794 incolunt,
253 2710 344 2794 prius
368 2711 403 2776 in
424 2710 487 2776 hac
504 2711 612 2776 insula
630 2710 857 2795 consederunt,
881 2733 1004 2796 exque
1023 2712 1102 2796 quid

70 2821 126 2866 eos
157 2800 332 2886 fugaverit,
362 2800 521 2865 incertum
551 2802 614 2883 est,
643 2802 753 2865 utrum
784 2802 866 2866 caeli
893 2802 1035 2887 gravitas
1059 2824 1102 2866 an

163 3029 328 3083 inoratam
342 3026 457 3082 urbium
472 3028 633 3099 Wesenberp
650 3027 660 3101 Η
678 3027 714 3083 10
727 3027 845 3098 puplica
858 3029 887 3084 A
901 3027 905 3101 i
929 3029 965 3084 11
980 3029 1102 3086 oircfiitu

70 3099 99 3154 A
118 3099 240 3156 circuitu
261 3100 330 3169 vulp.
353 3098 364 3173 Η
388 3098 424 3153 17
442 3097 775 3171 reliquicesltrohentem
789 3099 832 3154 A⁸
849 3099 859 3172 Η
934 3099 1058 3156 habitat.
1072 3103 1102 3157 A

71 3172 163 3240 (erosa
182 3175 352 3240 aptorum
369 3171 547 3226 moriturum
566 3173 615 3242 est)
631 3169 696 3296 lqlt
710 3170 824 3226 colonos
838 3187 924 3227 senex
937 3172 966 3227 A
985 3171 1101 3234 colonus
1154 3235 1156 3239 ¹

69 3241 204 3298 vexillum
231 3242 350 3313 Mcdcip
384 3240 576 3310 sequebantur
608 3258 722 3298 coenos
753 3242 875 3297 Penates
906 3244 968 3300 Jola.
994 3244 1102 3300 multer

71 3313 186 3370 colonus
200 3329 287 3368 novas
301 3313 382 3371 sedes
392 3314 426 3370 P.
439 3314 558 3370 llromue
572 3313 629 3370 uris
643 3330 709 3370 suos
720 3355 726 3368 .
737 3357 743 3370 .
755 3313 870 3369 colonus
885 3330 970 3370 senex
979 3316 1102 3384 Hortum

69 3387 382 3458 rdinrtArcnpturam
391 3385 1102 3456 aclutacseamacarowerlibentasndabant

64 3461 100 3514 in
118 3459 255 3515 iurentur
277 3477 305 3515 n.
325 3457 416 3515 dabat
439 3458 450 3533 Η
473 3459 509 3515 27
528 3458 654 3517 Phocide
667 3460 696 3515 A
713 3461 772 3531 s'pse
791 3459 894 3517 Seneca
913 3460 968 3517 oid.
982 3477 1101 3518 masse:

47 3526 187 3584 Phocaea
203 3531 300 3588 retabi
312 3532 432 3591 debebat
449 3531 458 3609 Ι
481 3531 586 3609 graiis]
601 3532 643 3591 A⁶
657 3532 742 3605 graui
755 3530 796 3588 A²
809 3538 957 3589 comodum
969 3533 1003 3588 in
1015 3533 1102 3604 grniii
