2438 3846
118 137 183 204 100
314 135 344 191 a.
360 135 503 190 Annam
521 134 686 192 samsona
731 135 800 192 ma.
815 135 883 192 um.
897 136 945 192 su.
994 114 1000 120 “

118 280 235 365 mines,
268 280 344 364 quia
374 282 443 365 pati
474 304 541 347 non
571 281 755 365 debuerint,
782 281 954 367 quaedam,
977 283 1053 366 quia
1075 305 1144 350 non

118 370 330 454 speraverint:
371 371 504 457 indigna
541 375 694 457 putamus
731 393 813 456 quae
849 371 1017 457 inopinata
1052 375 1143 458 sunt3

82 459 227 543 uitaque
250 459 389 525 maxime
413 464 631 545 commovent,
654 482 736 545 quae
757 464 869 526 contra
886 482 978 546 spem
996 464 1143 547 expecta

118 549 305 634 tionemqne
329 552 516 634 evenerunt,
534 571 595 615 nec
613 549 701 614 aliud
720 553 769 615 est
788 571 886 634 quare
904 551 940 615 in
957 550 1142 616 domesticis

120 639 254 703 minima
281 638 457 722 offendant,
488 641 522 704 in
549 639 660 704 amicis
688 639 839 705 iniuriam
861 660 1013 706 vocemus
1035 641 1144 726 negle
1176 661 1190 703 a

83 727 271 814 agentiam.
318 727 496 812 ‘quomodo
523 728 616 816 ergo’
640 727 748 812 inquit
771 728 990 795 ‘inimicorum
1012 750 1073 795 nos
1096 729 1144 794 in·

120 816 221 882 iuriae
244 816 412 882 movent?’
450 817 526 901 quia
548 840 615 883 non
633 818 873 903 expectavimus
892 818 964 884 illas
983 821 1039 884 aut
1057 821 1144 884 certe

120 928 187 971 non
209 908 324 971 tantas.
365 907 428 972 hoc
452 907 552 972 efficit
575 929 667 973 amor
688 908 793 973 nostri
815 907 948 973 nimius:
970 907 1143 974 inviolatos

120 1016 181 1060 nos
211 995 308 1061 etiam
335 995 475 1061 inimicis
503 997 682 1062 iudicamus
706 1019 775 1062 esse
799 998 927 1081 debere,
948 996 1035 1084 regis
1058 997 1145 1082 quis·

121 1106 184 1169 que
202 1085 288 1150 intra
306 1107 340 1151 se
359 1087 503 1151 animum
520 1086 631 1170 habet,
651 1091 687 1151 ut
704 1086 869 1152 licentiam
888 1086 951 1152 sibi
969 1085 1039 1151 dari
1056 1086 1145 1171 velit,
1163 1108 1191 1150 ro

85 1191 102 1239 4
121 1173 156 1239 in
178 1195 213 1240 se
235 1175 326 1240 nolit.
373 1175 482 1259 itaque
510 1198 570 1241 nos
598 1179 655 1240 aut
677 1176 850 1241 insolentia
872 1176 1043 1265 iracundos
1065 1175 1146 1258 facit

122 1267 178 1329 aut
195 1264 379 1352 ignorantia
395 1287 517 1330 rerum:
536 1265 614 1350 quid
633 1266 719 1331 enim
737 1265 856 1330 mirum
867 1269 925 1332 'est
942 1266 1045 1332 malos
1059 1266 1146 1331 mala

121 1353 266 1419 facinora
288 1353 403 1420 edere?
440 1354 516 1439 quid
539 1354 617 1419 novi
641 1360 703 1439 est,
726 1355 754 1420 si
772 1355 921 1420 inimicus
939 1359 1050 1439 nocet,
1067 1354 1146 1420 ami·

121 1465 178 1510 cus
203 1444 350 1528 offendit,
368 1443 454 1509 filius
473 1443 607 1529 labitur,
626 1466 736 1510 servus
755 1443 888 1529 peccat?
923 1444 1146 1528 turpissimam

122 1532 229 1598 aiebat
264 1531 382 1599 Fabius
421 1534 609 1618 imperatori
650 1534 890 1600 excusationem
931 1555 1013 1600 esse:
1064 1533 1146 1600 ‘non
1164 1554 1191 1596 ss

122 1621 259 1708 putavi',
290 1645 350 1710 ego
381 1622 601 1706 turpissimam
631 1623 756 1688 homini
785 1628 874 1707 puto.
922 1623 1031 1689 omnia
1056 1627 1145 1708 puta,

123 1715 270 1797 expecta:
294 1711 390 1778 etiam
414 1714 448 1776 in
471 1712 565 1778 bonis
588 1713 732 1778 moribus
755 1712 878 1797 aliquid
901 1713 1034 1778 exsistet
1056 1734 1146 1798 aspe-

87 1802 198 1866 orius.
244 1801 308 1867 fert
336 1802 478 1867 humana
506 1806 622 1867 natura
651 1802 822 1868 insidiosos
851 1801 990 1886 animos,
1012 1801 1076 1867 fert
1098 1802 1147 1868 in-

123 1894 246 1976 gratos,
269 1890 332 1956 fert
356 1891 504 1976 cupidos,
525 1890 588 1956 fert
611 1891 737 1976 impios.
776 1914 849 1957 cum
872 1890 912 1956 de
935 1891 1031 1959 unius
1049 1891 1147 1956 mori·

122 1980 183 2045 bus
202 1979 368 2063 iudicabis,
385 1979 424 2045 de
443 1980 581 2064 publicis
601 1982 716 2067 cogita.
749 1981 806 2046 nbi
823 1981 964 2046 maxime
982 1979 1148 2068 gaudebis,
1165 2000 1192 2041 so

123 2069 263 2134 maxime
295 2074 427 2135 metues.
473 2069 530 2134 ubi
559 2070 735 2155 tranquilla
763 2069 824 2135 tibi
852 2070 961 2136 omnia
987 2069 1147 2154 videntur,

124 2159 170 2223 ibi
187 2159 335 2225 nocitura
352 2162 419 2224 non
438 2159 555 2224 desunt
573 2160 628 2225 sed
647 2159 824 2244 quiescunt.
860 2181 986 2245 semper
998 2159 1146 2224 futurum

123 2247 246 2332 aliquid
277 2249 364 2332 quod
393 2252 425 2313 te
456 2247 597 2314 offendat
627 2249 783 2314 existima.
829 2249 1025 2336 gubernator
1053 2271 1147 2314 num-

125 2359 222 2421 quam
245 2337 291 2402 ita
309 2340 396 2403 totos
415 2338 504 2403 sinus
524 2359 653 2405 securus
673 2338 840 2423 explicuit,
859 2342 981 2405 utnon
999 2338 1147 2424 expedite

89 2427 165 2492 aad
198 2427 451 2493 contrahendum
483 2431 682 2494 armamenta
714 2429 905 2513 disponeret.
958 2427 1040 2493 illud
1072 2431 1146 2493 ante
1166 2446 1192 2487 ss

125 2517 234 2582 omnia
253 2518 374 2604 cogita,
391 2516 519 2583 foedam
539 2540 607 2583 esse
626 2523 659 2582 et
678 2517 906 2584 exsecrabilem
924 2516 991 2583 vim
1009 2517 1147 2583 nocendi

125 2611 157 2672 et
189 2606 418 2673 alienissimam
447 2607 585 2692 homini,
618 2608 708 2674 cuius
738 2606 894 2674 beneficio
925 2607 1022 2673 etiam
1053 2629 1148 2672 saeva

125 2700 362 2762 mansuescunt.
395 2697 501 2782 aspice
520 2698 765 2781 elephantorum
784 2697 861 2784 iugo
878 2697 962 2762 colla
975 2696 1148 2762 summissa

124 2790 158 2852 et
189 2791 356 2852 taurorum
386 2786 494 2870 pueris
524 2787 644 2870 pariter
674 2808 711 2852 ac
740 2786 869 2852 feminis
892 2786 1147 2872 persultantibus

125 2880 217 2963 terga
240 2877 371 2960 impune
394 2877 516 2941 0110111
539 2880 571 2940 et
593 2876 735 2960 repentis
755 2877 840 2942 inter
857 2878 976 2962 pocula
993 2876 1148 2961 sinusque
1166 2893 1194 2935 so

126 2967 258 3031 innoxio
272 2966 366 3051 lapsu
381 2965 534 3031 dracones
549 2968 581 3030 et
594 2968 680 3031 intra
694 2965 826 3031 domum
840 2987 989 3031 ursorum
1003 2966 1148 3031 leonum·

216 3159 250 3214 ll
269 3159 348 3215 nolit.
372 3162 375 3231 1
395 3161 454 3215 Aut
471 3159 655 3231 ignorantias]
671 3161 750 3228 (cras.
766 3161 912 3229 00101011)
934 3159 1008 3228 itaq3
1027 3175 1078 3213 nos
1098 3160 1148 3213 ant

126 3229 278 3286 insolentis
297 3230 448 3287 iracundos
466 3231 545 3286 facit.
572 3231 736 3302 ignorantia
754 3248 847 3287 rerum
861 3231 924 3286 AL
939 3237 973 3286 at
985 3231 1064 3302 oola,
1078 3246 1147 3286 corr.

127 3303 211 3359 Gertz
223 3301 281 3374 1121
295 3304 405 3360 metues
414 3306 442 3359 A
456 3306 551 3358 metue
561 3303 643 3359 Gertz
656 3303 667 3376 ll
679 3301 715 3357 28
725 3301 940 3372 elephantorum
951 3344 956 3357 .
968 3344 974 3355 .
986 3304 1149 3357 taurorum

126 3374 189 3431 AL
206 3381 239 3430 at
256 3374 457 3447 0101010101
475 3374 557 3431 Gertz
571 3374 646 3430 Ptin.
660 3381 719 3430 aut.
733 3374 794 3429 bist.
811 3375 891 3429 VIII
898 3377 954 3443 2,4
977 3381 1004 3430 ct
1018 3373 1147 3429 Manat.

132 3445 159 3480 Τ]
171 3449 220 3504 31)
238 3447 385 3502 murorum
404 3487 433 3502 ..
449 3489 455 3502 .
475 3445 690 3517 elephantorum
704 3446 801 3501 Haase
819 3446 829 3517 ll
845 3443 883 3501 110
897 3445 1015 3514 poculus
1030 3444 1034 3517 Ι
1051 3444 1147 3514 iuusq3

218 3531 242 3573 r.
258 3520 291 3574 A
296 3516 310 3551 ¹
323 3518 410 3578 Μ’
428 3517 504 3576 oolla
523 3517 657 3589 sinusque
672 3519 790 3590 Bentley
