<?xml version="1.0" encoding="UTF-8"?>
<!DOCTYPE html PUBLIC "-//W3C//DTD XHTML 1.0 Transitional//EN"
    "http://www.w3.org/TR/xhtml1/DTD/xhtml1-transitional.dtd">
<html xmlns="http://www.w3.org/1999/xhtml" xml:lang="en" lang="en">
 <head>
  <title>
</title>
<meta http-equiv="Content-Type" content="text/html;charset=utf-8" />
  <meta name='ocr-system' content='tesseract 3.04.00' />
  <meta name='ocr-capabilities' content='ocr_page ocr_carea ocr_par ocr_line ocrx_word'/>
</head>
<body>
  <div class='ocr_page' id='page_1' title='image "./lannaeisenecaeo02senegoog/lannaeisenecaeo02senegoog_0234.png"; bbox 0 0 2438 3846; ppageno 0'>
   <div class='ocr_carea' id='block_1_1' title="bbox 94 134 1068 213">
    <p class='ocr_par' dir='ltr' id='par_1_1' title="bbox 94 134 1068 213">
     <span class='ocr_line' id='line_1_1' title="bbox 94 134 1068 213; baseline -0.022 -3"><span class='ocrx_word' id='word_1_1' title='bbox 94 134 97 139; x_wconf 78' lang='grc'>’</span> <span class='ocrx_word' id='word_1_2' title='bbox 115 141 181 209; x_wconf 80' lang='lat'>204</span> <span class='ocrx_word' id='word_1_3' title='bbox 305 137 336 190; x_wconf 81' lang='lat' dir='ltr'>L.</span> <span class='ocrx_word' id='word_1_4' title='bbox 350 135 493 191; x_wconf 65' lang='lat' dir='ltr'>monui</span> <span class='ocrx_word' id='word_1_5' title='bbox 511 134 676 192; x_wconf 75' lang='lat' dir='ltr'>sanusne</span> <span class='ocrx_word' id='word_1_6' title='bbox 694 136 790 193; x_wconf 84' lang='lat' dir='ltr'>nnn.</span> <span class='ocrx_word' id='word_1_7' title='bbox 804 136 872 193; x_wconf 74' lang='lat' dir='ltr'>uns.</span> <span class='ocrx_word' id='word_1_8' title='bbox 887 136 947 192; x_wconf 86' lang='lat' dir='ltr'>vn</span> <span class='ocrx_word' id='word_1_9' title='bbox 1065 208 1068 213; x_wconf 81' lang='lat'><em>.</em></span> 
     </span>
    </p>
   </div>
   <div class='ocr_carea' id='block_1_2' title="bbox 76 282 1183 2954">
    <p class='ocr_par' dir='ltr' id='par_1_2' title="bbox 76 282 1183 2954">
     <span class='ocr_line' id='line_1_2' title="bbox 114 282 1139 370; baseline 0 -21"><span class='ocrx_word' id='word_1_10' title='bbox 114 283 275 370; x_wconf 87' lang='lat' dir='ltr'>principia</span> <span class='ocrx_word' id='word_1_11' title='bbox 297 319 339 331; x_wconf 94' lang='lat'>—</span> <span class='ocrx_word' id='word_1_12' title='bbox 362 304 422 348; x_wconf 90' lang='lat' dir='ltr'>nee</span> <span class='ocrx_word' id='word_1_13' title='bbox 448 283 534 349; x_wconf 90' lang='lat' dir='ltr'>enim</span> <span class='ocrx_word' id='word_1_14' title='bbox 560 282 659 349; x_wconf 88' lang='lat' dir='ltr'>habet</span> <span class='ocrx_word' id='word_1_15' title='bbox 686 282 787 367; x_wconf 88' lang='lat' dir='ltr'>eliud,</span> <span class='ocrx_word' id='word_1_16' title='bbox 815 282 900 348; x_wconf 91' lang='lat' dir='ltr'>unde</span> <span class='ocrx_word' id='word_1_17' title='bbox 923 286 1058 349; x_wconf 88' lang='lat' dir='ltr'>conetur</span> <span class='ocrx_word' id='word_1_18' title='bbox 1080 287 1139 350; x_wconf 82' lang='lat' dir='ltr'>aut</span> 
     </span>
     <span class='ocr_line' id='line_1_3' title="bbox 115 372 1137 458; baseline -0.002 -18"><span class='ocrx_word' id='word_1_19' title='bbox 115 374 201 440; x_wconf 90' lang='lat' dir='ltr'>unde</span> <span class='ocrx_word' id='word_1_20' title='bbox 223 372 264 437; x_wconf 89' lang='lat' dir='ltr'>ad</span> <span class='ocrx_word' id='word_1_21' title='bbox 282 394 394 438; x_wconf 85' lang='lat' dir='ltr'>verum</span> <span class='ocrx_word' id='word_1_22' title='bbox 412 372 570 458; x_wconf 89' lang='lat' dir='ltr'>impetum</span> <span class='ocrx_word' id='word_1_23' title='bbox 589 372 695 458; x_wconf 86' lang='lat' dir='ltr'>capiat</span> <span class='ocrx_word' id='word_1_24' title='bbox 713 409 770 456; x_wconf 88' lang='lat'>——,</span> <span class='ocrx_word' id='word_1_25' title='bbox 793 378 827 438; x_wconf 81' lang='lat' dir='ltr'>ct</span> <span class='ocrx_word' id='word_1_26' title='bbox 844 373 879 438; x_wconf 90' lang='lat' dir='ltr'>in</span> <span class='ocrx_word' id='word_1_27' title='bbox 897 394 931 438; x_wconf 91' lang='lat' dir='ltr'>se</span> <span class='ocrx_word' id='word_1_28' title='bbox 949 376 1137 438; x_wconf 67' lang='lat' dir='ltr'>reverte-bn.</span> 
     </span>
     <span class='ocr_line' id='line_1_4' title="bbox 114 461 1138 546; baseline -0.001 -18"><span class='ocrx_word' id='word_1_29' title='bbox 114 485 190 528; x_wconf 91' lang='lat' dir='ltr'>nam</span> <span class='ocrx_word' id='word_1_30' title='bbox 231 461 370 527; x_wconf 90' lang='lat' dir='ltr'>mundus</span> <span class='ocrx_word' id='word_1_31' title='bbox 408 463 549 546; x_wconf 68' lang='lat' dir='ltr'>quoque‘</span> <span class='ocrx_word' id='word_1_32' title='bbox 573 465 690 528; x_wconf 86' lang='lat' dir='ltr'>cuncta</span> <span class='ocrx_word' id='word_1_33' title='bbox 726 463 931 545; x_wconf 72' lang='lat' dir='ltr'>conplectens</span> <span class='ocrx_word' id='word_1_34' title='bbox 966 467 1138 546; x_wconf 73' lang='lat' dir='ltr'>rectorque</span> 
     </span>
     <span class='ocr_line' id='line_1_5' title="bbox 115 550 1139 636; baseline 0 -20"><span class='ocrx_word' id='word_1_35' title='bbox 115 552 257 617; x_wconf 83' lang='lat' dir='ltr'>universi</span> <span class='ocrx_word' id='word_1_36' title='bbox 287 550 364 615; x_wconf 81' lang='lat' dir='ltr'>deus</span> <span class='ocrx_word' id='word_1_37' title='bbox 394 550 429 615; x_wconf 91' lang='lat' dir='ltr'>in</span> <span class='ocrx_word' id='word_1_38' title='bbox 459 550 617 616; x_wconf 82' lang='lat' dir='ltr'>exteriore</span> <span class='ocrx_word' id='word_1_39' title='bbox 647 550 778 636; x_wconf 89' lang='lat' dir='ltr'>quidem</span> <span class='ocrx_word' id='word_1_40' title='bbox 801 550 918 635; x_wconf 90' lang='lat' dir='ltr'>tendit,</span> <span class='ocrx_word' id='word_1_41' title='bbox 949 551 1005 616; x_wconf 92' lang='lat' dir='ltr'>sed</span> <span class='ocrx_word' id='word_1_42' title='bbox 1027 554 1139 617; x_wconf 86' lang='lat' dir='ltr'>tumen</span> 
     </span>
     <span class='ocr_line' id='line_1_6' title="bbox 115 639 1180 723; baseline -0.003 -18"><span class='ocrx_word' id='word_1_43' title='bbox 115 641 274 705; x_wconf 74' lang='lat' dir='ltr'><strong>introsum</strong></span> <span class='ocrx_word' id='word_1_44' title='bbox 292 639 434 723; x_wconf 86' lang='lat' dir='ltr'>undique</span> <span class='ocrx_word' id='word_1_45' title='bbox 452 641 487 704; x_wconf 91' lang='lat' dir='ltr'>in</span> <span class='ocrx_word' id='word_1_46' title='bbox 505 663 539 705; x_wconf 90' lang='lat' dir='ltr'>se</span> <span class='ocrx_word' id='word_1_47' title='bbox 557 640 647 705; x_wconf 92' lang='lat' dir='ltr'>redit.</span> <span class='ocrx_word' id='word_1_48' title='bbox 685 640 770 705; x_wconf 88' lang='lat' dir='ltr'>idem</span> <span class='ocrx_word' id='word_1_49' title='bbox 788 643 899 705; x_wconf 85' lang='lat' dir='ltr'>nostra</span> <span class='ocrx_word' id='word_1_50' title='bbox 916 661 1006 706; x_wconf 87' lang='lat' dir='ltr'>mens</span> <span class='ocrx_word' id='word_1_51' title='bbox 1024 639 1137 706; x_wconf 86' lang='lat' dir='ltr'>faciat:</span> <span class='ocrx_word' id='word_1_52' title='bbox 1168 661 1180 702; x_wconf 81' lang='lat' dir='ltr'>s</span> 
     </span>
     <span class='ocr_line' id='line_1_7' title="bbox 115 729 1138 813; baseline 0 -19"><span class='ocrx_word' id='word_1_53' title='bbox 115 752 189 795; x_wconf 91' lang='lat' dir='ltr'>oum</span> <span class='ocrx_word' id='word_1_54' title='bbox 216 732 326 794; x_wconf 90' lang='lat' dir='ltr'>secuta</span> <span class='ocrx_word' id='word_1_55' title='bbox 353 751 464 794; x_wconf 85' lang='lat' dir='ltr'>sensus</span> <span class='ocrx_word' id='word_1_56' title='bbox 492 751 566 795; x_wconf 88' lang='lat' dir='ltr'>suos</span> <span class='ocrx_word' id='word_1_57' title='bbox 595 751 653 813; x_wconf 88' lang='lat' dir='ltr'>per</span> <span class='ocrx_word' id='word_1_58' title='bbox 679 729 753 794; x_wconf 92' lang='lat' dir='ltr'>illos</span> <span class='ocrx_word' id='word_1_59' title='bbox 782 751 815 795; x_wconf 93' lang='lat' dir='ltr'>se</span> <span class='ocrx_word' id='word_1_60' title='bbox 843 730 883 795; x_wconf 85' lang='lat' dir='ltr'>ad</span> <span class='ocrx_word' id='word_1_61' title='bbox 910 733 1041 794; x_wconf 84' lang='lat' dir='ltr'>externa</span> <span class='ocrx_word' id='word_1_62' title='bbox 1063 752 1138 813; x_wconf 93' lang='lat' dir='ltr'>por·</span> 
     </span>
     <span class='ocr_line' id='line_1_8' title="bbox 78 818 1138 902; baseline -0.001 -17"><span class='ocrx_word' id='word_1_63' title='bbox 78 819 246 900; x_wconf 72' lang='lat' dir='ltr'>erexerit,</span> <span class='ocrx_word' id='word_1_64' title='bbox 278 821 311 883; x_wconf 92' lang='lat' dir='ltr'>et</span> <span class='ocrx_word' id='word_1_65' title='bbox 338 819 468 883; x_wconf 89' lang='lat' dir='ltr'>illorum</span> <span class='ocrx_word' id='word_1_66' title='bbox 496 821 529 882; x_wconf 92' lang='lat' dir='ltr'>et</span> <span class='ocrx_word' id='word_1_67' title='bbox 556 819 606 883; x_wconf 90' lang='lat' dir='ltr'>sui</span> <span class='ocrx_word' id='word_1_68' title='bbox 632 822 747 902; x_wconf 89' lang='lat' dir='ltr'>potens</span> <span class='ocrx_word' id='word_1_69' title='bbox 772 819 821 883; x_wconf 92' lang='lat' dir='ltr'>sit.</span> <span class='ocrx_word' id='word_1_70' title='bbox 867 818 930 883; x_wconf 92' lang='lat' dir='ltr'>hoc</span> <span class='ocrx_word' id='word_1_71' title='bbox 953 818 1048 884; x_wconf 91' lang='lat' dir='ltr'>modo</span> <span class='ocrx_word' id='word_1_72' title='bbox 1072 841 1138 884; x_wconf 85' lang='lat' dir='ltr'>una</span> 
     </span>
     <span class='ocr_line' id='line_1_9' title="bbox 115 907 1138 991; baseline -0.001 -17"><span class='ocrx_word' id='word_1_73' title='bbox 115 908 273 974; x_wconf 86' lang='lat' dir='ltr'>efficietur</span> <span class='ocrx_word' id='word_1_74' title='bbox 295 907 344 971; x_wconf 78' lang='lat' dir='ltr'>vis</span> <span class='ocrx_word' id='word_1_75' title='bbox 367 928 405 973; x_wconf 92' lang='lat' dir='ltr'>ao</span> <span class='ocrx_word' id='word_1_76' title='bbox 427 910 569 991; x_wconf 86' lang='lat' dir='ltr'>potestus</span> <span class='ocrx_word' id='word_1_77' title='bbox 588 928 722 973; x_wconf 80' lang='lat' dir='ltr'>concors</span> <span class='ocrx_word' id='word_1_78' title='bbox 742 908 804 972; x_wconf 93' lang='lat' dir='ltr'>sibi</span> <span class='ocrx_word' id='word_1_79' title='bbox 821 911 854 972; x_wconf 91' lang='lat' dir='ltr'>et</span> <span class='ocrx_word' id='word_1_80' title='bbox 871 908 954 973; x_wconf 91' lang='lat' dir='ltr'>ratio</span> <span class='ocrx_word' id='word_1_81' title='bbox 973 908 1030 972; x_wconf 86' lang='lat' dir='ltr'>illa</span> <span class='ocrx_word' id='word_1_82' title='bbox 1051 911 1138 973; x_wconf 81' lang='lat' dir='ltr'>certa</span> 
     </span>
     <span class='ocr_line' id='line_1_10' title="bbox 113 996 1137 1081; baseline 0 -19"><span class='ocrx_word' id='word_1_83' title='bbox 113 1000 263 1062; x_wconf 86' lang='lat' dir='ltr'>nascetur</span> <span class='ocrx_word' id='word_1_84' title='bbox 293 1017 360 1061; x_wconf 93' lang='lat' dir='ltr'>non</span> <span class='ocrx_word' id='word_1_85' title='bbox 395 996 551 1061; x_wconf 82' lang='lat' dir='ltr'>dissidens</span> <span class='ocrx_word' id='word_1_86' title='bbox 582 1018 643 1061; x_wconf 92' lang='lat' dir='ltr'>neo</span> <span class='ocrx_word' id='word_1_87' title='bbox 669 997 830 1062; x_wconf 76' lang='lat' dir='ltr'>haesitans</span> <span class='ocrx_word' id='word_1_88' title='bbox 862 997 897 1060; x_wconf 90' lang='lat' dir='ltr'>in</span> <span class='ocrx_word' id='word_1_89' title='bbox 929 997 1137 1081; x_wconf 85' lang='lat' dir='ltr'>opinionibus</span> 
     </span>
     <span class='ocr_line' id='line_1_11' title="bbox 115 1084 1182 1170; baseline -0.003 -19"><span class='ocrx_word' id='word_1_90' title='bbox 115 1084 465 1170; x_wconf 85' lang='lat' dir='ltr'>conprensionibusque</span> <span class='ocrx_word' id='word_1_91' title='bbox 494 1107 553 1151; x_wconf 95' lang='lat' dir='ltr'>nec</span> <span class='ocrx_word' id='word_1_92' title='bbox 583 1086 618 1150; x_wconf 91' lang='lat' dir='ltr'>in</span> <span class='ocrx_word' id='word_1_93' title='bbox 646 1087 866 1170; x_wconf 82' lang='lat' dir='ltr'>persuasione,</span> <span class='ocrx_word' id='word_1_94' title='bbox 896 1107 978 1170; x_wconf 89' lang='lat' dir='ltr'>quae</span> <span class='ocrx_word' id='word_1_95' title='bbox 1006 1106 1080 1151; x_wconf 90' lang='lat' dir='ltr'>oum</span> <span class='ocrx_word' id='word_1_96' title='bbox 1103 1107 1137 1151; x_wconf 91' lang='lat' dir='ltr'>se</span> <span class='ocrx_word' id='word_1_97' title='bbox 1157 1107 1182 1148; x_wconf 78' lang='lat' dir='ltr'>ro</span> 
     </span>
     <span class='ocr_line' id='line_1_12' title="bbox 115 1174 1137 1264; baseline -0.001 -24"><span class='ocrx_word' id='word_1_98' title='bbox 115 1174 275 1259; x_wconf 87' lang='lat' dir='ltr'>disposuit</span> <span class='ocrx_word' id='word_1_99' title='bbox 304 1177 337 1239; x_wconf 91' lang='lat' dir='ltr'>et</span> <span class='ocrx_word' id='word_1_100' title='bbox 365 1174 511 1259; x_wconf 85' lang='lat' dir='ltr'>pertibus</span> <span class='ocrx_word' id='word_1_101' title='bbox 542 1175 608 1240; x_wconf 90' lang='lat' dir='ltr'>suis</span> <span class='ocrx_word' id='word_1_102' title='bbox 635 1175 798 1240; x_wconf 90' lang='lat' dir='ltr'>consensit</span> <span class='ocrx_word' id='word_1_103' title='bbox 820 1179 865 1258; x_wconf 90' lang='lat' dir='ltr'>et,</span> <span class='ocrx_word' id='word_1_104' title='bbox 895 1178 933 1239; x_wconf 95' lang='lat' dir='ltr'>ut</span> <span class='ocrx_word' id='word_1_105' title='bbox 954 1176 1000 1239; x_wconf 87' lang='lat' dir='ltr'>ita</span> <span class='ocrx_word' id='word_1_106' title='bbox 1023 1175 1137 1264; x_wconf 69' lang='lat' dir='ltr'>dican),</span> 
     </span>
     <span class='ocr_line' id='line_1_13' title="bbox 115 1263 1137 1350; baseline -0.001 -21"><span class='ocrx_word' id='word_1_107' title='bbox 115 1263 293 1348; x_wconf 86' lang='lat' dir='ltr'>concinuit,</span> <span class='ocrx_word' id='word_1_108' title='bbox 320 1285 482 1329; x_wconf 91' lang='lat' dir='ltr'>summum</span> <span class='ocrx_word' id='word_1_109' title='bbox 500 1264 630 1332; x_wconf 74' lang='lat' dir='ltr'>,bonum</span> <span class='ocrx_word' id='word_1_110' title='bbox 659 1265 776 1350; x_wconf 86' lang='lat' dir='ltr'>tetigit.</span> <span class='ocrx_word' id='word_1_111' title='bbox 820 1264 905 1328; x_wconf 90' lang='lat' dir='ltr'>nihil</span> <span class='ocrx_word' id='word_1_112' title='bbox 927 1265 1013 1329; x_wconf 90' lang='lat' dir='ltr'>enim</span> <span class='ocrx_word' id='word_1_113' title='bbox 1036 1263 1137 1348; x_wconf 76' lang='lat' dir='ltr'>previ,</span> 
     </span>
     <span class='ocr_line' id='line_1_14' title="bbox 113 1352 1152 1438; baseline -0.006 -20"><span class='ocrx_word' id='word_1_114' title='bbox 113 1353 197 1418; x_wconf 90' lang='lat' dir='ltr'>nihil</span> <span class='ocrx_word' id='word_1_115' title='bbox 222 1352 341 1418; x_wconf 89' lang='lat' dir='ltr'>lubrici</span> <span class='ocrx_word' id='word_1_116' title='bbox 368 1355 526 1436; x_wconf 87' lang='lat' dir='ltr'>superest,</span> <span class='ocrx_word' id='word_1_117' title='bbox 553 1352 637 1417; x_wconf 92' lang='lat' dir='ltr'>nihil</span> <span class='ocrx_word' id='word_1_118' title='bbox 664 1353 699 1416; x_wconf 92' lang='lat' dir='ltr'>in</span> <span class='ocrx_word' id='word_1_119' title='bbox 726 1373 790 1437; x_wconf 92' lang='lat' dir='ltr'>quo</span> <span class='ocrx_word' id='word_1_120' title='bbox 819 1354 932 1417; x_wconf 90' lang='lat' dir='ltr'>arietet</span> <span class='ocrx_word' id='word_1_121' title='bbox 958 1356 1015 1417; x_wconf 86' lang='lat' dir='ltr'>aut</span> <span class='ocrx_word' id='word_1_122' title='bbox 1036 1353 1152 1438; x_wconf 82' lang='lat' dir='ltr'>labet3.</span> 
     </span>
     <span class='ocr_line' id='line_1_15' title="bbox 77 1441 1138 1526; baseline 0.001 -20"><span class='ocrx_word' id='word_1_123' title='bbox 77 1457 95 1506; x_wconf 82' lang='lat' dir='ltr'>e</span> <span class='ocrx_word' id='word_1_124' title='bbox 116 1441 224 1508; x_wconf 90' lang='lat' dir='ltr'>omnia</span> <span class='ocrx_word' id='word_1_125' title='bbox 249 1441 347 1508; x_wconf 84' lang='lat' dir='ltr'>faciet</span> <span class='ocrx_word' id='word_1_126' title='bbox 374 1464 414 1506; x_wconf 87' lang='lat' dir='ltr'>ex</span> <span class='ocrx_word' id='word_1_127' title='bbox 441 1441 577 1526; x_wconf 92' lang='lat' dir='ltr'>imperio</span> <span class='ocrx_word' id='word_1_128' title='bbox 606 1463 663 1506; x_wconf 90' lang='lat' dir='ltr'>suo</span> <span class='ocrx_word' id='word_1_129' title='bbox 691 1441 837 1526; x_wconf 90' lang='lat' dir='ltr'>nihilque</span> <span class='ocrx_word' id='word_1_130' title='bbox 859 1442 1063 1526; x_wconf 87' lang='lat' dir='ltr'>inopinatum</span> <span class='ocrx_word' id='word_1_131' title='bbox 1087 1462 1138 1507; x_wconf 85' lang='lat' dir='ltr'>ac·</span> 
     </span>
     <span class='ocr_line' id='line_1_16' title="bbox 114 1529 1182 1617; baseline -0.005 -20"><span class='ocrx_word' id='word_1_132' title='bbox 114 1531 212 1614; x_wconf 88' lang='lat' dir='ltr'>oidet,</span> <span class='ocrx_word' id='word_1_133' title='bbox 239 1530 295 1596; x_wconf 91' lang='lat' dir='ltr'>sed</span> <span class='ocrx_word' id='word_1_134' title='bbox 322 1529 477 1615; x_wconf 90' lang='lat' dir='ltr'>quioquid</span> <span class='ocrx_word' id='word_1_135' title='bbox 504 1533 617 1617; x_wconf 84' lang='lat' dir='ltr'>agetur</span> <span class='ocrx_word' id='word_1_136' title='bbox 645 1531 681 1595; x_wconf 92' lang='lat' dir='ltr'>in</span> <span class='ocrx_word' id='word_1_137' title='bbox 706 1531 829 1596; x_wconf 91' lang='lat' dir='ltr'>bonum</span> <span class='ocrx_word' id='word_1_138' title='bbox 855 1530 957 1596; x_wconf 86' lang='lat' dir='ltr'>exibit</span> <span class='ocrx_word' id='word_1_139' title='bbox 983 1530 1078 1596; x_wconf 87' lang='lat' dir='ltr'>facile</span> <span class='ocrx_word' id='word_1_140' title='bbox 1105 1534 1139 1595; x_wconf 90' lang='lat' dir='ltr'>et</span> <span class='ocrx_word' id='word_1_141' title='bbox 1157 1551 1182 1592; x_wconf 83' lang='lat' dir='ltr'>rs</span> 
     </span>
     <span class='ocr_line' id='line_1_17' title="bbox 114 1619 1140 1706; baseline 0 -22"><span class='ocrx_word' id='word_1_142' title='bbox 114 1623 224 1704; x_wconf 86' lang='lat' dir='ltr'>parate</span> <span class='ocrx_word' id='word_1_143' title='bbox 247 1623 281 1684; x_wconf 88' lang='lat' dir='ltr'>et</span> <span class='ocrx_word' id='word_1_144' title='bbox 304 1620 372 1684; x_wconf 91' lang='lat' dir='ltr'>siue</span> <span class='ocrx_word' id='word_1_145' title='bbox 395 1619 659 1706; x_wconf 81' lang='lat' dir='ltr'>tergiversatione</span> <span class='ocrx_word' id='word_1_146' title='bbox 683 1620 822 1706; x_wconf 81' lang='lat' dir='ltr'>agentis3</span> <span class='ocrx_word' id='word_1_147' title='bbox 851 1641 927 1684; x_wconf 91' lang='lat' dir='ltr'>nam</span> <span class='ocrx_word' id='word_1_148' title='bbox 949 1619 1083 1705; x_wconf 84' lang='lat' dir='ltr'>pigritia</span> <span class='ocrx_word' id='word_1_149' title='bbox 1104 1623 1140 1684; x_wconf 89' lang='lat' dir='ltr'>et</span> 
     </span>
     <span class='ocr_line' id='line_1_18' title="bbox 113 1708 1138 1794; baseline 0 -22"><span class='ocrx_word' id='word_1_150' title='bbox 113 1709 284 1774; x_wconf 85' lang='lat' dir='ltr'>haesitatio</span> <span class='ocrx_word' id='word_1_151' title='bbox 317 1729 460 1794; x_wconf 83' lang='lat' dir='ltr'>pugnem</span> <span class='ocrx_word' id='word_1_152' title='bbox 492 1712 524 1773; x_wconf 90' lang='lat' dir='ltr'>et</span> <span class='ocrx_word' id='word_1_153' title='bbox 555 1709 804 1774; x_wconf 86' lang='lat' dir='ltr'>inconstantiam</span> <span class='ocrx_word' id='word_1_154' title='bbox 837 1708 985 1774; x_wconf 85' lang='lat' dir='ltr'>ostendit.</span> <span class='ocrx_word' id='word_1_155' title='bbox 1039 1729 1138 1792; x_wconf 85' lang='lat' dir='ltr'>quare</span> 
     </span>
     <span class='ocr_line' id='line_1_19' title="bbox 115 1795 1138 1882; baseline -0.001 -19"><span class='ocrx_word' id='word_1_156' title='bbox 115 1797 277 1863; x_wconf 82' lang='lat' dir='ltr'>audaciter</span> <span class='ocrx_word' id='word_1_157' title='bbox 303 1798 381 1863; x_wconf 90' lang='lat' dir='ltr'>lieet</span> <span class='ocrx_word' id='word_1_158' title='bbox 406 1797 587 1882; x_wconf 89' lang='lat' dir='ltr'>profitearis</span> <span class='ocrx_word' id='word_1_159' title='bbox 615 1819 777 1864; x_wconf 89' lang='lat' dir='ltr'>summum</span> <span class='ocrx_word' id='word_1_160' title='bbox 799 1796 922 1862; x_wconf 90' lang='lat' dir='ltr'>bonum</span> <span class='ocrx_word' id='word_1_161' title='bbox 944 1817 1013 1863; x_wconf 92' lang='lat' dir='ltr'>esse</span> <span class='ocrx_word' id='word_1_162' title='bbox 1036 1795 1138 1862; x_wconf 87' lang='lat' dir='ltr'>animi</span> 
     </span>
     <span class='ocr_line' id='line_1_20' title="bbox 114 1886 1138 1971; baseline -0.001 -19"><span class='ocrx_word' id='word_1_163' title='bbox 114 1886 333 1971; x_wconf 66' lang='lat' dir='ltr'>concordiam</span> <span class='ocrx_word' id='word_1_164' title='bbox 354 1886 489 1952; x_wconf 81' lang='lat' dir='ltr'>virtutes</span> <span class='ocrx_word' id='word_1_165' title='bbox 512 1888 598 1952; x_wconf 91' lang='lat' dir='ltr'>enim</span> <span class='ocrx_word' id='word_1_166' title='bbox 622 1887 667 1952; x_wconf 90' lang='lat' dir='ltr'>ibi</span> <span class='ocrx_word' id='word_1_167' title='bbox 690 1908 759 1952; x_wconf 88' lang='lat' dir='ltr'>esse</span> <span class='ocrx_word' id='word_1_168' title='bbox 782 1886 955 1969; x_wconf 89' lang='lat' dir='ltr'>debebunt,</span> <span class='ocrx_word' id='word_1_169' title='bbox 982 1886 1039 1950; x_wconf 92' lang='lat' dir='ltr'>ubi</span> <span class='ocrx_word' id='word_1_170' title='bbox 1062 1906 1138 1951; x_wconf 89' lang='lat' dir='ltr'>con·</span> 
     </span>
     <span class='ocr_line' id='line_1_21' title="bbox 115 1975 1183 2059; baseline -0.005 -18"><span class='ocrx_word' id='word_1_171' title='bbox 115 1998 226 2042; x_wconf 89' lang='lat' dir='ltr'>sensus</span> <span class='ocrx_word' id='word_1_172' title='bbox 249 1978 346 2059; x_wconf 90' lang='lat' dir='ltr'>atque</span> <span class='ocrx_word' id='word_1_173' title='bbox 369 1975 476 2041; x_wconf 90' lang='lat' dir='ltr'>unitas</span> <span class='ocrx_word' id='word_1_174' title='bbox 499 1977 572 2041; x_wconf 88' lang='lat' dir='ltr'>erit:</span> <span class='ocrx_word' id='word_1_175' title='bbox 596 1975 752 2042; x_wconf 90' lang='lat' dir='ltr'>dissident</span> <span class='ocrx_word' id='word_1_176' title='bbox 774 1976 862 2040; x_wconf 82' lang='lat' dir='ltr'>vitio.</span> <span class='ocrx_word' id='word_1_177' title='bbox 1156 1995 1183 2036; x_wconf 79' lang='lat' dir='ltr'>ro</span> 
     </span>
     <span class='ocr_line' id='line_1_22' title="bbox 79 2062 1136 2151; baseline 0.001 -23"><span class='ocrx_word' id='word_1_178' title='bbox 79 2079 94 2128; x_wconf 88' lang='lat'><em>1</em></span> <span class='ocrx_word' id='word_1_179' title='bbox 202 2063 257 2130; x_wconf 89' lang='lat' dir='ltr'>IX.</span> <span class='ocrx_word' id='word_1_180' title='bbox 295 2062 376 2130; x_wconf 76' lang='lat' dir='ltr'>‘Sed</span> <span class='ocrx_word' id='word_1_181' title='bbox 409 2069 447 2130; x_wconf 90' lang='lat' dir='ltr'>tu</span> <span class='ocrx_word' id='word_1_182' title='bbox 477 2065 622 2151; x_wconf 90' lang='lat' dir='ltr'>quoque&#39;</span> <span class='ocrx_word' id='word_1_183' title='bbox 654 2065 761 2150; x_wconf 89' lang='lat' dir='ltr'>inquit</span> <span class='ocrx_word' id='word_1_184' title='bbox 795 2065 964 2130; x_wconf 77' lang='lat' dir='ltr'>‘virtutem</span> <span class='ocrx_word' id='word_1_185' title='bbox 997 2086 1065 2129; x_wconf 92' lang='lat' dir='ltr'>nou</span> <span class='ocrx_word' id='word_1_186' title='bbox 1094 2065 1136 2129; x_wconf 92' lang='lat' dir='ltr'>ob</span> 
     </span>
     <span class='ocr_line' id='line_1_23' title="bbox 114 2152 1138 2240; baseline 0 -22"><span class='ocrx_word' id='word_1_187' title='bbox 114 2152 202 2219; x_wconf 88' lang='lat' dir='ltr'>aliud</span> <span class='ocrx_word' id='word_1_188' title='bbox 231 2153 326 2237; x_wconf 92' lang='lat' dir='ltr'>colis,</span> <span class='ocrx_word' id='word_1_189' title='bbox 354 2175 450 2239; x_wconf 85' lang='lat' dir='ltr'>quam</span> <span class='ocrx_word' id='word_1_190' title='bbox 479 2155 555 2238; x_wconf 84' lang='lat' dir='ltr'>quie</span> <span class='ocrx_word' id='word_1_191' title='bbox 584 2155 727 2240; x_wconf 84' lang='lat' dir='ltr'>aliquem</span> <span class='ocrx_word' id='word_1_192' title='bbox 749 2176 789 2219; x_wconf 83' lang='lat' dir='ltr'>ex</span> <span class='ocrx_word' id='word_1_193' title='bbox 812 2155 869 2219; x_wconf 87' lang='lat' dir='ltr'>illa</span> <span class='ocrx_word' id='word_1_194' title='bbox 891 2176 999 2240; x_wconf 88' lang='lat' dir='ltr'>speras</span> <span class='ocrx_word' id='word_1_195' title='bbox 1022 2153 1138 2238; x_wconf 87' lang='lat' dir='ltr'>volup·</span> 
     </span>
     <span class='ocr_line' id='line_1_24' title="bbox 114 2241 1136 2329; baseline 0.001 -21"><span class='ocrx_word' id='word_1_196' title='bbox 114 2241 234 2309; x_wconf 67' lang='lat' dir='ltr'>tatem?</span> <span class='ocrx_word' id='word_1_197' title='bbox 270 2243 411 2328; x_wconf 83' lang='lat' dir='ltr'>primum</span> <span class='ocrx_word' id='word_1_198' title='bbox 432 2265 513 2329; x_wconf 94' lang='lat' dir='ltr'>non,</span> <span class='ocrx_word' id='word_1_199' title='bbox 536 2246 564 2310; x_wconf 93' lang='lat' dir='ltr'>si</span> <span class='ocrx_word' id='word_1_200' title='bbox 586 2245 787 2329; x_wconf 85' lang='lat' dir='ltr'>voluptutem</span> <span class='ocrx_word' id='word_1_201' title='bbox 809 2246 1010 2329; x_wconf 85' lang='lat' dir='ltr'>praestatura</span> <span class='ocrx_word' id='word_1_202' title='bbox 1031 2243 1136 2309; x_wconf 81' lang='lat' dir='ltr'>virtus</span> 
     </span>
     <span class='ocr_line' id='line_1_25' title="bbox 114 2331 1137 2419; baseline -0.001 -21"><span class='ocrx_word' id='word_1_203' title='bbox 114 2336 177 2416; x_wconf 91' lang='lat' dir='ltr'>est,</span> <span class='ocrx_word' id='word_1_204' title='bbox 198 2331 270 2398; x_wconf 91' lang='lat' dir='ltr'>ideo</span> <span class='ocrx_word' id='word_1_205' title='bbox 289 2337 422 2417; x_wconf 91' lang='lat' dir='ltr'>propter</span> <span class='ocrx_word' id='word_1_206' title='bbox 438 2334 523 2400; x_wconf 89' lang='lat' dir='ltr'>hanc</span> <span class='ocrx_word' id='word_1_207' title='bbox 540 2335 677 2419; x_wconf 71' lang='lat' dir='ltr'>petitur,</span> <span class='ocrx_word' id='word_1_208' title='bbox 694 2355 761 2399; x_wconf 90' lang='lat' dir='ltr'>non</span> <span class='ocrx_word' id='word_1_209' title='bbox 779 2334 865 2398; x_wconf 91' lang='lat' dir='ltr'>enim</span> <span class='ocrx_word' id='word_1_210' title='bbox 883 2335 967 2399; x_wconf 87' lang='lat' dir='ltr'>hano</span> <span class='ocrx_word' id='word_1_211' title='bbox 984 2335 1137 2419; x_wconf 84' lang='lat' dir='ltr'>praestat,</span> 
     </span>
     <span class='ocr_line' id='line_1_26' title="bbox 115 2421 1182 2506; baseline -0.003 -20"><span class='ocrx_word' id='word_1_212' title='bbox 115 2421 170 2487; x_wconf 93' lang='lat' dir='ltr'>sed</span> <span class='ocrx_word' id='word_1_213' title='bbox 193 2426 225 2487; x_wconf 88' lang='lat' dir='ltr'>et</span> <span class='ocrx_word' id='word_1_214' title='bbox 246 2421 344 2506; x_wconf 88' lang='lat' dir='ltr'>hanc,</span> <span class='ocrx_word' id='word_1_215' title='bbox 365 2444 425 2488; x_wconf 90' lang='lat' dir='ltr'>neo</span> <span class='ocrx_word' id='word_1_216' title='bbox 442 2422 520 2489; x_wconf 92' lang='lat' dir='ltr'>huic</span> <span class='ocrx_word' id='word_1_217' title='bbox 536 2423 675 2506; x_wconf 84' lang='lat' dir='ltr'>laborat,</span> <span class='ocrx_word' id='word_1_218' title='bbox 699 2423 754 2489; x_wconf 92' lang='lat' dir='ltr'>sed</span> <span class='ocrx_word' id='word_1_219' title='bbox 772 2423 865 2488; x_wconf 85' lang='lat' dir='ltr'>labor</span> <span class='ocrx_word' id='word_1_220' title='bbox 882 2423 965 2505; x_wconf 91' lang='lat' dir='ltr'>eius,</span> <span class='ocrx_word' id='word_1_221' title='bbox 988 2422 1136 2506; x_wconf 81' lang='lat' dir='ltr'>quamvis</span> <span class='ocrx_word' id='word_1_222' title='bbox 1156 2440 1182 2483; x_wconf 83' lang='lat' dir='ltr'>rs</span> 
     </span>
     <span class='ocr_line' id='line_1_27' title="bbox 76 2510 1136 2598; baseline 0.003 -25"><span class='ocrx_word' id='word_1_223' title='bbox 76 2510 202 2586; x_wconf 76' lang='lat' dir='ltr'>aoliud</span> <span class='ocrx_word' id='word_1_224' title='bbox 232 2514 335 2595; x_wconf 87' lang='lat' dir='ltr'>petat,</span> <span class='ocrx_word' id='word_1_225' title='bbox 366 2511 429 2578; x_wconf 91' lang='lat' dir='ltr'>hoc</span> <span class='ocrx_word' id='word_1_226' title='bbox 459 2533 588 2598; x_wconf 88' lang='lat' dir='ltr'>quoque</span> <span class='ocrx_word' id='word_1_227' title='bbox 617 2512 817 2596; x_wconf 87' lang='lat' dir='ltr'>adsequetur.</span> <span class='ocrx_word' id='word_1_228' title='bbox 871 2512 954 2577; x_wconf 90' lang='lat' dir='ltr'>sieut</span> <span class='ocrx_word' id='word_1_229' title='bbox 983 2512 1018 2577; x_wconf 90' lang='lat' dir='ltr'>in</span> <span class='ocrx_word' id='word_1_230' title='bbox 1048 2532 1136 2595; x_wconf 82' lang='lat' dir='ltr'>arvo,</span> 
     </span>
     <span class='ocr_line' id='line_1_28' title="bbox 113 2598 1137 2686; baseline 0.001 -22"><span class='ocrx_word' id='word_1_231' title='bbox 113 2598 201 2684; x_wconf 89' lang='lat' dir='ltr'>qnod</span> <span class='ocrx_word' id='word_1_232' title='bbox 220 2601 321 2685; x_wconf 82' lang='lat' dir='ltr'>segeti</span> <span class='ocrx_word' id='word_1_233' title='bbox 338 2601 536 2686; x_wconf 87' lang='lat' dir='ltr'>proscissum</span> <span class='ocrx_word' id='word_1_234' title='bbox 554 2605 615 2685; x_wconf 92' lang='lat' dir='ltr'>est,</span> <span class='ocrx_word' id='word_1_235' title='bbox 634 2601 735 2686; x_wconf 88' lang='lat' dir='ltr'>aliqui</span> <span class='ocrx_word' id='word_1_236' title='bbox 753 2601 848 2666; x_wconf 87' lang='lat' dir='ltr'>flores</span> <span class='ocrx_word' id='word_1_237' title='bbox 867 2602 1137 2686; x_wconf 77' lang='lat' dir='ltr'>internoscantur,</span> 
     </span>
     <span class='ocr_line' id='line_1_29' title="bbox 113 2690 1137 2774; baseline 0.001 -20"><span class='ocrx_word' id='word_1_238' title='bbox 113 2711 180 2754; x_wconf 90' lang='lat' dir='ltr'>non</span> <span class='ocrx_word' id='word_1_239' title='bbox 216 2692 324 2755; x_wconf 63' lang='lat' dir='ltr'>bmen</span> <span class='ocrx_word' id='word_1_240' title='bbox 357 2691 434 2757; x_wconf 91' lang='lat' dir='ltr'>huic</span> <span class='ocrx_word' id='word_1_241' title='bbox 465 2690 649 2774; x_wconf 60' lang='lat' dir='ltr'>herbulae„</span> <span class='ocrx_word' id='word_1_242' title='bbox 667 2690 813 2774; x_wconf 80' lang='lat' dir='ltr'>quamvis</span> <span class='ocrx_word' id='word_1_243' title='bbox 846 2690 982 2756; x_wconf 88' lang='lat' dir='ltr'>delectet</span> <span class='ocrx_word' id='word_1_244' title='bbox 1013 2690 1137 2774; x_wconf 90' lang='lat' dir='ltr'>oculos,</span> 
     </span>
     <span class='ocr_line' id='line_1_30' title="bbox 113 2778 1136 2864; baseline 0 -21"><span class='ocrx_word' id='word_1_245' title='bbox 113 2781 240 2843; x_wconf 90' lang='lat' dir='ltr'>tantum</span> <span class='ocrx_word' id='word_1_246' title='bbox 278 2780 384 2863; x_wconf 89' lang='lat' dir='ltr'>operis</span> <span class='ocrx_word' id='word_1_247' title='bbox 420 2781 622 2864; x_wconf 90' lang='lat' dir='ltr'>insumptum</span> <span class='ocrx_word' id='word_1_248' title='bbox 652 2783 701 2845; x_wconf 92' lang='lat' dir='ltr'>est</span> <span class='ocrx_word' id='word_1_249' title='bbox 729 2816 773 2826; x_wconf 95' lang='lat'>-</span> <span class='ocrx_word' id='word_1_250' title='bbox 803 2778 890 2844; x_wconf 87' lang='lat' dir='ltr'>aliud</span> <span class='ocrx_word' id='word_1_251' title='bbox 922 2779 985 2843; x_wconf 85' lang='lat' dir='ltr'>fuit</span> <span class='ocrx_word' id='word_1_252' title='bbox 1017 2780 1136 2844; x_wconf 88' lang='lat' dir='ltr'>serenti</span> 
     </span>
     <span class='ocr_line' id='line_1_31' title="bbox 113 2866 1182 2954; baseline -0.002 -23"><span class='ocrx_word' id='word_1_253' title='bbox 113 2866 330 2953; x_wconf 89' lang='lat' dir='ltr'>propositum,</span> <span class='ocrx_word' id='word_1_254' title='bbox 359 2868 423 2934; x_wconf 92' lang='lat' dir='ltr'>hoo</span> <span class='ocrx_word' id='word_1_255' title='bbox 450 2869 635 2954; x_wconf 82' lang='lat' dir='ltr'>supervenit</span> <span class='ocrx_word' id='word_1_256' title='bbox 656 2904 714 2950; x_wconf 92' lang='lat'>—,</span> <span class='ocrx_word' id='word_1_257' title='bbox 742 2868 788 2933; x_wconf 89' lang='lat' dir='ltr'>sic</span> <span class='ocrx_word' id='word_1_258' title='bbox 814 2869 964 2952; x_wconf 82' lang='lat' dir='ltr'>voluptas</span> <span class='ocrx_word' id='word_1_259' title='bbox 991 2888 1059 2933; x_wconf 91' lang='lat' dir='ltr'>uon</span> <span class='ocrx_word' id='word_1_260' title='bbox 1086 2870 1137 2934; x_wconf 89' lang='lat' dir='ltr'>est</span> <span class='ocrx_word' id='word_1_261' title='bbox 1155 2887 1182 2929; x_wconf 81' lang='lat' dir='ltr'>eo</span> 
     </span>
    </p>
   </div>
   <div class='ocr_carea' id='block_1_3' title="bbox 202 3005 634 3078">
    <p class='ocr_par' dir='ltr' id='par_1_3' title="bbox 202 3005 634 3078">
     <span class='ocr_line' id='line_1_32' title="bbox 202 3005 634 3078; baseline 0.002 -17"><span class='ocrx_word' id='word_1_262' title='bbox 202 3005 237 3061; x_wconf 85' lang='lat'>21</span> <span class='ocrx_word' id='word_1_263' title='bbox 257 3007 307 3075; x_wconf 79' lang='lat' dir='ltr'>cfr.</span> <span class='ocrx_word' id='word_1_264' title='bbox 326 3008 449 3078; x_wconf 73' lang='lat' dir='ltr'>Epicuri</span> <span class='ocrx_word' id='word_1_265' title='bbox 466 3008 502 3076; x_wconf 77' lang='lat' dir='ltr'>fr.</span> <span class='ocrx_word' id='word_1_266' title='bbox 517 3012 571 3064; x_wconf 73' lang='lat'>504</span> <span class='ocrx_word' id='word_1_267' title='bbox 590 3008 634 3064; x_wconf 82' lang='lat' dir='ltr'>Us.</span> 
     </span>
    </p>
   </div>
   <div class='ocr_carea' id='block_1_4' title="bbox 93 3094 1137 3586">
    <p class='ocr_par' dir='ltr' id='par_1_4' title="bbox 202 3094 1136 3169">
     <span class='ocr_line' id='line_1_33' title="bbox 202 3094 1136 3169; baseline 0.002 -19"><span class='ocrx_word' id='word_1_268' title='bbox 202 3094 220 3150; x_wconf 85' lang='lat'>2</span> <span class='ocrx_word' id='word_1_269' title='bbox 239 3098 271 3151; x_wconf 88' lang='lat' dir='ltr'>at</span> <span class='ocrx_word' id='word_1_270' title='bbox 288 3098 352 3153; x_wconf 81' lang='lat' dir='ltr'>odd.</span> <span class='ocrx_word' id='word_1_271' title='bbox 370 3096 455 3153; x_wconf 67' lang='lat' dir='ltr'>Gertz</span> <span class='ocrx_word' id='word_1_272' title='bbox 475 3096 487 3169; x_wconf 73' lang='lat' dir='ltr'>ll</span> <span class='ocrx_word' id='word_1_273' title='bbox 510 3096 529 3152; x_wconf 82' lang='lat'><em>8</em></span> <span class='ocrx_word' id='word_1_274' title='bbox 546 3096 667 3150; x_wconf 86' lang='lat' dir='ltr'>mundus</span> <span class='ocrx_word' id='word_1_275' title='bbox 685 3109 703 3150; x_wconf 84' lang='grc' dir='ltr'><strong><em>ς</em></strong></span> <span class='ocrx_word' id='word_1_276' title='bbox 725 3095 860 3151; x_wconf 88' lang='lat' dir='ltr'>mundum</span> <span class='ocrx_word' id='word_1_277' title='bbox 875 3098 903 3152; x_wconf 99' lang='lat' dir='ltr'><strong><em>A</em></strong></span> <span class='ocrx_word' id='word_1_278' title='bbox 925 3097 936 3169; x_wconf 75' lang='lat' dir='ltr'>ll</span> <span class='ocrx_word' id='word_1_279' title='bbox 959 3096 978 3152; x_wconf 79' lang='lat'><strong>5</strong></span> <span class='ocrx_word' id='word_1_280' title='bbox 995 3095 1136 3152; x_wconf 86' lang='lat' dir='ltr'>introsum</span> 
     </span>
    </p>

    <p class='ocr_par' dir='ltr' id='par_1_5' title="bbox 113 3166 1136 3239">
     <span class='ocr_line' id='line_1_34' title="bbox 113 3166 1136 3239; baseline 0.002 -17"><span class='ocrx_word' id='word_1_281' title='bbox 113 3166 174 3235; x_wconf 77' lang='lat' dir='ltr'>(cfr.</span> <span class='ocrx_word' id='word_1_282' title='bbox 190 3183 230 3236; x_wconf 83' lang='lat' dir='ltr'>ep.</span> <span class='ocrx_word' id='word_1_283' title='bbox 246 3173 396 3237; x_wconf 79' lang='lat' dir='ltr'>p.162,2;</span> <span class='ocrx_word' id='word_1_284' title='bbox 415 3173 476 3236; x_wconf 81' lang='lat'>565,</span> <span class='ocrx_word' id='word_1_285' title='bbox 489 3171 537 3238; x_wconf 79' lang='lat'>22)</span> <span class='ocrx_word' id='word_1_286' title='bbox 560 3169 695 3224; x_wconf 66' lang='lat' dir='ltr'>&amp;holten</span> <span class='ocrx_word' id='word_1_287' title='bbox 717 3175 744 3223; x_wconf 81' lang='lat' dir='ltr'>et</span> <span class='ocrx_word' id='word_1_288' title='bbox 765 3184 813 3239; x_wconf 71' lang='lat' dir='ltr'>epo</span> <span class='ocrx_word' id='word_1_289' title='bbox 837 3169 960 3223; x_wconf 83' lang='lat' dir='ltr'>intutum</span> <span class='ocrx_word' id='word_1_290' title='bbox 978 3170 1006 3223; x_wconf 94' lang='lat' dir='ltr'><strong><em>A</em></strong></span> <span class='ocrx_word' id='word_1_291' title='bbox 1031 3169 1136 3224; x_wconf 89' lang='lat' dir='ltr'>iterum</span> 
     </span>
    </p>

    <p class='ocr_par' dir='ltr' id='par_1_6' title="bbox 119 3238 1136 3312">
     <span class='ocr_line' id='line_1_35' title="bbox 119 3238 1136 3312; baseline 0.002 -18"><span class='ocrx_word' id='word_1_292' title='bbox 119 3239 162 3294; x_wconf 88' lang='lat' dir='ltr'>W.</span> <span class='ocrx_word' id='word_1_293' title='bbox 179 3238 285 3296; x_wconf 68' lang='lat' dir='ltr'>aenou</span> <span class='ocrx_word' id='word_1_294' title='bbox 312 3240 316 3312; x_wconf 75' lang='lat' dir='ltr'>l</span> <span class='ocrx_word' id='word_1_295' title='bbox 343 3239 446 3307; x_wconf 84' lang='lat' dir='ltr'>faciat,</span> <span class='ocrx_word' id='word_1_296' title='bbox 466 3256 530 3294; x_wconf 88' lang='lat' dir='ltr'>oum</span> <span class='ocrx_word' id='word_1_297' title='bbox 549 3281 598 3295; x_wconf 88' lang='lat'>...</span> <span class='ocrx_word' id='word_1_298' title='bbox 617 3239 786 3310; x_wconf 76' lang='lat' dir='ltr'>porrexerit3</span> <span class='ocrx_word' id='word_1_299' title='bbox 806 3242 835 3295; x_wconf 87' lang='lat' dir='ltr'>et</span> <span class='ocrx_word' id='word_1_300' title='bbox 852 3239 966 3294; x_wconf 87' lang='lat' dir='ltr'>illorum</span> <span class='ocrx_word' id='word_1_301' title='bbox 986 3282 991 3294; x_wconf 94' lang='lat'>.</span> <span class='ocrx_word' id='word_1_302' title='bbox 1008 3280 1016 3295; x_wconf 87' lang='lat'><strong>.</strong></span> <span class='ocrx_word' id='word_1_303' title='bbox 1033 3243 1136 3310; x_wconf 86' lang='lat' dir='ltr'>potens</span> 
     </span>
    </p>

    <p class='ocr_par' dir='ltr' id='par_1_7' title="bbox 113 3309 1136 3396">
     <span class='ocr_line' id='line_1_36' title="bbox 113 3309 1136 3396; baseline 0.003 -32"><span class='ocrx_word' id='word_1_304' title='bbox 113 3309 152 3364; x_wconf 90' lang='lat' dir='ltr'>sit</span> <span class='ocrx_word' id='word_1_305' title='bbox 164 3311 339 3380; x_wconf 67' lang='lat' dir='ltr'>interposuit</span> <span class='ocrx_word' id='word_1_306' title='bbox 352 3312 537 3368; x_wconf 63' lang='lat' dir='ltr'>Mammea</span> <span class='ocrx_word' id='word_1_307' title='bbox 549 3311 560 3396; x_wconf 70' lang='lat' dir='ltr'>[l</span> <span class='ocrx_word' id='word_1_308' title='bbox 573 3310 609 3366; x_wconf 73' lang='lat'>13</span> <span class='ocrx_word' id='word_1_309' title='bbox 623 3310 696 3365; x_wconf 78' lang='lat' dir='ltr'>arist</span> <span class='ocrx_word' id='word_1_310' title='bbox 704 3310 747 3366; x_wconf 93' lang='lat' dir='ltr'>A¹</span> <span class='ocrx_word' id='word_1_311' title='bbox 759 3326 828 3368; x_wconf 83' lang='lat' dir='ltr'>corr.</span> <span class='ocrx_word' id='word_1_312' title='bbox 840 3314 905 3366; x_wconf 64' lang='grc' dir='ltr'><em>Μ</em></span> <span class='ocrx_word' id='word_1_313' title='bbox 918 3317 969 3366; x_wconf 76' lang='lat' dir='ltr'>aut</span> <span class='ocrx_word' id='word_1_314' title='bbox 980 3313 1115 3367; x_wconf 77' lang='lat' dir='ltr'>recentior</span> <span class='ocrx_word' id='word_1_315' title='bbox 1127 3314 1136 3382; x_wconf 74' lang='lat' dir='ltr'>ll</span> 
     </span>
    </p>

    <p class='ocr_par' dir='ltr' id='par_1_8' title="bbox 113 3379 1137 3456">
     <span class='ocr_line' id='line_1_37' title="bbox 113 3379 1137 3456; baseline 0.003 -21"><span class='ocrx_word' id='word_1_316' title='bbox 113 3379 150 3436; x_wconf 80' lang='lat'>16</span> <span class='ocrx_word' id='word_1_317' title='bbox 167 3383 249 3451; x_wconf 86' lang='lat' dir='ltr'>parte</span> <span class='ocrx_word' id='word_1_318' title='bbox 262 3384 290 3437; x_wconf 90' lang='lat' dir='ltr'><strong><em>A</em></strong></span> <span class='ocrx_word' id='word_1_319' title='bbox 309 3384 354 3451; x_wconf 87' lang='lat' dir='ltr'>(m.</span> <span class='ocrx_word' id='word_1_320' title='bbox 367 3399 420 3439; x_wconf 82' lang='lat' dir='ltr'>reo.</span> <span class='ocrx_word' id='word_1_321' title='bbox 434 3400 455 3439; x_wconf 81' lang='lat' dir='ltr'>s.</span> <span class='ocrx_word' id='word_1_322' title='bbox 470 3399 520 3439; x_wconf 82' lang='lat' dir='ltr'>eor.</span> <span class='ocrx_word' id='word_1_323' title='bbox 542 3401 568 3437; x_wconf 87' lang='lat'>.1.</span> <span class='ocrx_word' id='word_1_324' title='bbox 586 3384 697 3452; x_wconf 86' lang='lat' dir='ltr'>parate)</span> <span class='ocrx_word' id='word_1_325' title='bbox 715 3381 726 3453; x_wconf 80' lang='grc' dir='ltr'>ΙΙ</span> <span class='ocrx_word' id='word_1_326' title='bbox 743 3381 777 3438; x_wconf 81' lang='grc'>27</span> <span class='ocrx_word' id='word_1_327' title='bbox 796 3382 952 3451; x_wconf 88' lang='lat' dir='ltr'>procissum</span> <span class='ocrx_word' id='word_1_328' title='bbox 965 3384 993 3437; x_wconf 90' lang='lat' dir='ltr'><strong><em>A</em></strong></span> <span class='ocrx_word' id='word_1_329' title='bbox 1011 3383 1022 3456; x_wconf 76' lang='lat' dir='ltr'>ll</span> <span class='ocrx_word' id='word_1_330' title='bbox 1038 3381 1076 3437; x_wconf 77' lang='lat'>8⁰</span> <span class='ocrx_word' id='word_1_331' title='bbox 1094 3383 1137 3438; x_wconf 86' lang='lat' dir='ltr'>sic</span> 
     </span>
    </p>

    <p class='ocr_par' dir='ltr' id='par_1_9' title="bbox 93 3452 1137 3586">
     <span class='ocr_line' id='line_1_38' title="bbox 113 3452 1137 3524; baseline 0.003 -19"><span class='ocrx_word' id='word_1_332' title='bbox 113 3452 244 3521; x_wconf 74' lang='lat' dir='ltr'>voluptas</span> <span class='ocrx_word' id='word_1_333' title='bbox 262 3453 323 3509; x_wconf 75' lang='lat' dir='ltr'>edd.</span> <span class='ocrx_word' id='word_1_334' title='bbox 338 3460 403 3510; x_wconf 78' lang='lat' dir='ltr'>onte</span> <span class='ocrx_word' id='word_1_335' title='bbox 418 3454 588 3511; x_wconf 75' lang='lat' dir='ltr'>Grorwoium</span> <span class='ocrx_word' id='word_1_336' title='bbox 610 3454 635 3508; x_wconf 89' lang='lat' dir='ltr'>ei</span> <span class='ocrx_word' id='word_1_337' title='bbox 654 3470 718 3508; x_wconf 87' lang='lat' dir='ltr'>oum</span> <span class='ocrx_word' id='word_1_338' title='bbox 734 3453 870 3523; x_wconf 86' lang='lat' dir='ltr'>uoluptas</span> <span class='ocrx_word' id='word_1_339' title='bbox 883 3455 911 3508; x_wconf 89' lang='lat' dir='ltr'><strong><em>A</em></strong></span> <span class='ocrx_word' id='word_1_340' title='bbox 930 3454 971 3508; x_wconf 90' lang='lat' dir='ltr'>sio</span> <span class='ocrx_word' id='word_1_341' title='bbox 990 3456 1019 3509; x_wconf 88' lang='lat' dir='ltr'>et</span> <span class='ocrx_word' id='word_1_342' title='bbox 1036 3452 1137 3524; x_wconf 79' lang='lat' dir='ltr'>volup-</span> 
     </span>
     <span class='ocr_line' id='line_1_39' title="bbox 93 3521 577 3586; baseline 0.027 -17"><span class='ocrx_word' id='word_1_343' title='bbox 93 3521 146 3572; x_wconf 73' lang='lat' dir='ltr'>tas</span> <span class='ocrx_word' id='word_1_344' title='bbox 160 3522 278 3579; x_wconf 67' lang='lat' dir='ltr'>Gronov</span> <span class='ocrx_word' id='word_1_345' title='bbox 295 3525 339 3580; x_wconf 81' lang='lat' dir='ltr'>sio</span> <span class='ocrx_word' id='word_1_346' title='bbox 356 3525 432 3582; x_wconf 80' lang='lat' dir='ltr'>mihi</span> <span class='ocrx_word' id='word_1_347' title='bbox 451 3544 476 3584; x_wconf 87' lang='lat' dir='ltr'>v.</span> <span class='ocrx_word' id='word_1_348' title='bbox 494 3525 577 3586; x_wconf 79' lang='lat' dir='ltr'>Gertz</span> 
     </span>
    </p>
   </div>
   <div class='ocr_carea' id='block_1_5' title="bbox 0 0 1226 3846">
    <p class='ocr_par' dir='ltr' id='par_1_10' title="bbox 0 0 1226 3846">
     <span class='ocr_line' id='line_1_40' title="bbox 0 0 1226 3846; baseline 0 0"><span class='ocrx_word' id='word_1_349' title='bbox 0 0 1226 3846; x_wconf 95' lang='lat' dir='ltr'> </span> 
     </span>
    </p>
   </div>
  </div>
 </body>
</html>
