2438 3846
117 172 183 240 326
276 193 278 197 ’
314 169 345 225 L.
359 167 503 224 ANNAEI
520 167 686 225 SENECAE
704 169 800 226 DIAL.
815 167 883 226 LIB.
897 167 944 225 XI.

116 315 245 401 iustior,
275 316 332 401 qui
360 315 512 382 nuntiata
540 315 602 381 filii
632 319 736 382 morte
764 315 897 403 dignam
924 337 1043 403 magno
1071 315 1143 383 viro

115 427 230 472 rocem
254 405 373 471 emisit:
397 404 473 493 ‘ego
496 426 571 472 oum
594 406 707 493 genui,
729 409 800 471 tum
823 405 1019 471 moriturum
1042 405 1143 472 seiri?

116 515 249 581 prorsus
276 517 345 561 non
371 494 497 561 mireris
525 515 566 561 ex
593 495 656 562 hoo
684 499 798 561 natum
822 516 905 580 esse,
933 496 990 580 qui
1013 494 1144 566 fortiter

117 585 201 650 mori
230 589 348 670 posset.
393 607 470 650 non
489 585 617 670 aooepit
645 589 813 670 tamquam
840 606 963 651 novum
990 585 1144 651 nuntium

116 674 178 738 filii
200 677 351 758 mortem3
374 673 452 758 quid
476 673 562 739 enim
581 678 630 740 est
647 676 726 740 nori
743 673 911 740 hominem
929 675 1028 759 mori,
1050 674 1143 741 ouius
1176 694 1189 735 s

115 766 187 829 tota
208 763 277 828 rita
299 763 383 828 nihil
406 763 494 828 aliud
518 785 617 849 quum
641 763 682 829 ad
704 767 843 830 mortem
866 764 928 829 iter
951 763 1023 830 est?
1065 763 1150 851 ‘ego

82 871 192 922 eoum
215 854 327 939 genui,
350 856 421 917 tum
445 853 640 918 moriturum
659 852 760 919 soisi'
807 852 921 919 deinde
939 852 1058 920 adieoit
1074 876 1145 920 rem
1200 887 1202 889 ·

117 942 248 1009 maioris
276 946 309 1008 et
335 942 525 1027 prudentiae
553 948 586 1009 et
613 943 726 1008 animi:
754 941 803 1008 ‘et
829 941 908 1009 huie
933 943 982 1008 rei
1005 942 1145 1015 sustuli?

118 1053 229 1097 omnes
252 1032 329 1113 huia
351 1031 399 1097 rei
421 1033 581 1117 tollimnr;
605 1032 751 1117 quisquis
775 1032 941 1098 advitam
960 1031 1081 1118 editur,
1104 1033 1145 1099 ad

117 1125 255 1187 mortem
279 1121 467 1187 destinatur.
513 1121 711 1209 gaudeamus
734 1142 805 1207 erpo
824 1144 878 1207 eo,
900 1123 988 1206 quod
1006 1121 1144 1207 dabitur,
1163 1142 1189 1183 ro

117 1212 352 1296 reddamusque
374 1210 422 1296 id,
445 1232 519 1277 oum
542 1232 762 1297 reposcamur:
785 1212 886 1277 alium
909 1212 973 1278 ulio
996 1215 1145 1297 tempore

116 1299 186 1370 fata
217 1298 504 1386 comprehendent,
535 1302 700 1367 neminem
731 1302 961 1387 praeteribunt
1008 1301 1044 1366 in
1071 1323 1145 1387 proe

117 1390 227 1456 einotu
257 1393 321 1456 stet
350 1389 477 1455 animus
508 1394 542 1456 et
567 1391 601 1460 id
630 1390 718 1476 quod
740 1412 870 1457 neeesse
894 1394 943 1456 est
964 1412 1145 1476 numquam

82 1479 243 1564 stimeat,
263 1478 349 1563 qnod
368 1479 528 1545 incertum
547 1484 597 1546 est
611 1501 737 1565 semper
751 1483 908 1565 expectet.
946 1479 1024 1565 quid
1039 1480 1145 1550 diuam

118 1568 215 1635 duces
238 1569 423 1655 (lucumque
446 1569 635 1656 progeniem
659 1573 692 1635 et
714 1569 826 1635 multis
845 1574 902 1635 aut
921 1570 1145 1635 consulatibus
1165 1587 1190 1629 rs

118 1657 310 1742 conspicuos
338 1663 395 1724 aut
421 1658 595 1742 triumphis
624 1661 710 1724 sorte
739 1658 908 1725 defunctos
931 1659 1145 1724 inexorabili?

117 1750 198 1813 tota
227 1768 301 1814 eum
339 1747 470 1834 regibus
504 1769 605 1835 regna
638 1748 817 1833 populique
852 1770 930 1814 oum
959 1749 1145 1835 regentibus

118 1837 221 1902 tulere
247 1837 352 1903 fatum
380 1858 488 1903 suum:
516 1858 641 1922 omnes,
668 1837 769 1903 immo
798 1838 907 1905 omnia
933 1838 970 1903 in
991 1838 1146 1903 ultimum

118 1925 204 1991 diem
228 1929 383 2012 spectant
428 1948 497 1992 non
519 1926 605 1992 idem
628 1927 788 1993 universis
811 1927 885 1993 finis
905 1931 968 1994 est:
991 1927 1092 1993 alium
1111 1928 1147 1992 in

118 2015 224 2082 medio
248 2037 344 2082 eursu
366 2014 435 2080 rita
453 2016 585 2101 deserit,
608 2016 708 2082 alium
727 2016 763 2081 in
779 2016 851 2102 ipso
870 2016 962 2082 aditu
981 2016 1147 2103 relinquit,
1165 2036 1193 2077 so

119 2104 218 2171 alium
250 2104 285 2169 in
317 2108 460 2197 extrema
492 2109 658 2172 senectute
689 2105 864 2194 fatigatum
896 2106 961 2171 iarn
994 2111 1027 2172 et
1059 2108 1147 2173 exire

116 2195 303 2284 voupientem
325 2195 382 2259 vix
399 2194 533 2279 emittit;
557 2195 621 2261 alio
641 2197 772 2281 quidem
790 2200 888 2281 atque
907 2196 971 2262 alio
990 2200 1148 2282 tempore,

112 2305 229 2350 omnes
248 2287 358 2349 tamen
375 2284 411 2350 in
428 2284 567 2351 eundem
580 2286 691 2352 locum
705 2285 882 2370 tendimus3
899 2289 1053 2352 utrumne
1068 2287 1147 2352 stul-

118 2373 183 2440 tius
214 2373 257 2440 sit
282 2373 392 2440 neseio
420 2375 628 2442 mortalitatis
656 2377 763 2463 legem
789 2375 955 2462 ignorare,
984 2398 1026 2441 an
1053 2375 1146 2462 inpu-

56 2526 58 2531 .
83 2462 246 2529 tuentius
268 2485 424 2529 recusare.
471 2464 610 2551 agedum
632 2464 703 2549 illa,
726 2487 809 2550 quae
831 2465 936 2530 multo
955 2464 1079 2552 ingenii
1096 2464 1147 2530 tui
1166 2482 1193 2524 ss

117 2552 228 2619 labore
251 2553 413 2618 celebrata
435 2557 526 2638 sunt,
552 2553 588 2620 in
610 2575 725 2619 manus
749 2575 840 2620 sume
862 2554 1050 2621 utriuslibet
1073 2576 1147 2620 auo·

117 2643 198 2707 toris
222 2641 377 2726 earmina,
402 2663 484 2727 quae
502 2648 540 2709 tu
557 2643 605 2708 ita
622 2642 798 2728 resolvisti,
820 2647 858 2709 ut
877 2643 1025 2729 quamvis
1044 2647 1147 2710 struo·

117 2735 191 2797 tura
213 2731 345 2805 illorum
367 2733 549 2818 recesserit,
571 2736 760 2819 permaneat
782 2736 892 2799 tamen
912 2733 1018 2822 gratia
1037 2771 1080 2781 —
1100 2733 1147 2799 sie

118 2819 204 2887 enim
227 2820 285 2886 illa
307 2843 348 2887 ex
370 2821 434 2887 alia
451 2822 564 2916 lingua
582 2823 618 2888 in
636 2822 733 2887 aliam
752 2822 961 2908 transtulisti,
983 2827 1035 2908 ut,
1059 2822 1147 2908 quod

206 2994 257 3068 2l8
275 3013 369 3054 uersus
388 3004 428 3054 eat
445 2998 539 3053 Ennii
556 3015 570 3054 e
591 2998 737 3055 Telamone
759 3005 900 3070 sumptum
924 3000 1043 3054 Vahlen:
1063 2997 1145 3054 Ena.

113 3083 188 3138 poes.
202 3066 267 3123 rel.²
281 3074 380 3138 p.177
398 3071 438 3125 II
452 3071 486 3139 (o.
501 3073 563 3141 312)
581 3072 632 3138 'esa
651 3070 708 3126 Oia.
725 3072 836 3128 luerat.
850 3072 907 3127 111
920 3069 942 3144 5
954 3074 992 3128 28

207 3194 225 3250 2
243 3195 394 3250 morituros
412 3195 511 3264 deinde
534 3196 562 3250 ei
579 3195 622 3251 rei
640 3194 743 3250 sustuli
757 3196 872 3251 Baetim
893 3194 903 3268 ll
926 3194 944 3250 5
963 3195 1039 3250 enim
1058 3199 1102 3251 est
1115 3196 1145 3251 B

118 3269 162 3322 est
179 3267 255 3322 anim
274 3267 306 3346 (J⁸
318 3266 366 3392 W
382 3275 448 3336 post
465 3267 552 3337 genui
572 3266 654 3322 Gertz
672 3267 768 3336 inquit
784 3267 960 3323 mumdum
977 3273 1079 3336 cerua,
1097 3269 1146 3324 sed

118 3339 169 3406 oss.
183 3339 221 3394 od
234 3339 302 3393 dial.
353 3342 380 3406 5,
395 3344 429 3393 11
450 3337 453 3410 l
474 3338 642 3393 moriturum
657 3338 681 3394 0
696 3339 848 3393 morituros
862 3338 890 3392 B
907 3338 910 3410 l
929 3355 989 3394 rem
1006 3339 1030 3395 0
1046 3354 1145 3395 vocem

117 3411 199 3466 molit
217 3410 300 3467 Gertz
321 3407 332 3482 ll
356 3409 393 3463 10
415 3424 482 3480 ergo
507 3424 539 3464 eo
559 3408 687 3465 Eraam.¹
705 3425 772 3480 ergo
791 3410 888 3465 Pate
908 3408 1022 3464 Groters‘
1040 3425 1073 3464 eo
1095 3409 1146 3482 ΟΜ

106 3480 152 3534 17
165 3497 231 3534 oum
247 3496 282 3536 re
303 3479 418 3536 entibus
436 3481 534 3538 Haase
552 3482 614 3550 (σίν.
628 3497 669 3551 ep.
685 3483 729 3550 59,
743 3486 761 3537 7
779 3497 808 3551 p.
824 3485 888 3555 176,
899 3483 948 3548 23)
970 3495 1035 3534 oum
1054 3481 1147 3551 genti-

93 3545 153 3602 bus
173 3551 202 3605 O
211 3551 233 3625 ll
303 3553 334 3609 in
354 3571 461 3612 manus
482 3554 507 3615 0
523 3553 669 3612 imsnuB
842 3584 845 3591 ·
