2438 3846
117 148 161 213 48
315 144 345 198 a.
360 143 503 199 aunam
521 142 686 200 sarucia
704 142 800 200 omn.
815 144 883 199 um.
898 143 945 199 111.

116 291 243 356 nullum
267 292 316 357 est
338 290 458 355 animal
475 294 542 355 tam
561 290 757 355 horrendum
775 293 842 354 tam
861 290 1144 375 perniciosumque

116 384 246 463 natura,
267 384 305 444 ut
326 402 394 445 non
417 383 569 464 appareat
592 381 627 444 in
649 380 722 462 illo,
745 379 842 446 simul
865 380 913 444 ira
931 380 1063 463 invasit,
1086 401 1144 445 no-

82 487 175 534 erae
198 468 335 534 feritatis
359 470 507 534 accessio.
539 490 599 533 nec
617 469 732 554 ignoro
756 471 878 535 ceteros
902 490 1030 552 quoque
1050 469 1143 534 affec-

116 562 169 623 tus
183 559 239 623 vix
260 559 431 640 occultari,
448 557 615 623 libidinem
635 562 820 641 metumque
834 561 867 622 et
880 557 1047 623 audaciam
1067 558 1144 622 dere

117 648 167 711 sui
199 648 293 732 signa
324 650 356 710 et
383 668 478 730 posse
505 648 687 730 praenosci3
718 668 822 730 neque
850 648 936 710 enim
959 647 1027 710 ulla
1049 648 1144 711 vehe·
1177 668 1188 708 s

116 736 256 800 mentior
282 735 382 800 intrat
405 735 593 818 concitatio,
621 757 703 819 quae
724 735 808 799 nihil
831 739 959 799 moveat
982 736 1016 798 in
1039 736 1142 800 vultu.

117 824 195 908 quid
227 846 303 910 ergo
336 822 491 889 interest?
536 824 623 908 quod
645 825 703 888 alii
725 824 857 889 affectus
886 828 1056 909 apparent,
1086 825 1144 890 hic

115 914 243 978 eminet.

81 1020 95 1068 1
204 1001 245 1067 Π.
268 1000 338 1067 lam
352 1024 428 1066 vero
448 1003 476 1067 si
490 1003 620 1068 effectus
638 1003 706 1068 eius
725 1002 905 1086 damnaque
919 1001 1038 1066 intueri
1050 1003 1143 1088 velis,

113 1092 205 1156 nulla
227 1092 327 1176 pestis
350 1091 492 1155 humano
512 1092 622 1177 generi
639 1092 742 1175 pluris
761 1092 858 1157 stetit.
887 1091 1009 1156 videbis
1029 1091 1143 1157 caedes
1163 1115 1188 1155 1o

115 1203 153 1246 ac
174 1203 298 1245 venena
325 1184 357 1245 et
384 1202 511 1244 reorum
542 1184 670 1246 mutuas
694 1180 803 1245 sordes
827 1184 860 1245 et
881 1180 1010 1245 urbium
1034 1181 1143 1246 clades
1213 1213 1215 1215 ·

115 1274 148 1334 et
170 1272 312 1334 totarum
331 1270 430 1334 exitia
448 1271 593 1356 gentium
612 1274 645 1334 et
663 1270 847 1354 principum
867 1270 926 1334 sub
945 1270 1034 1335 cirili
1047 1269 1144 1335 hasta

115 1360 223 1443 capita
245 1359 371 1423 venalia
394 1363 426 1424 et
444 1359 603 1425 subiectas
621 1359 715 1424 tectis
734 1359 820 1424 faces
836 1380 896 1424 nec
910 1359 995 1423 intra
1013 1361 1144 1423 moenia

115 1449 271 1513 coercitos
304 1450 408 1533 ignes·
428 1449 484 1515 sed
512 1448 656 1535 ingentia
688 1448 794 1532 spatia
822 1448 992 1534 regionum
1028 1447 1144 1513 hostili

77 1537 246 1602 allamma
284 1538 467 1603 relucentia.
518 1537 625 1621 aspice
660 1537 935 1602 nobilissimarum
972 1537 1143 1602 civitatum
1162 1559 1187 1599 1⁶

114 1626 324 1691 fimdamenta
345 1628 402 1691 rix
428 1626 598 1691 notabilia:
624 1626 683 1692 has
706 1627 755 1691 ira
777 1625 906 1710 deiecit3
935 1626 1042 1710 aspice
1066 1627 1143 1692 soli·

114 1716 242 1781 tudines
272 1716 463 1799 permulta
490 1716 581 1780 milia
610 1716 678 1781 sine
701 1715 881 1780 habitatore
904 1714 1059 1780 desertas:
1081 1715 1142 1780 has

114 1804 163 1868 ira
185 1805 347 1887 exhausit3
374 1805 481 1888 aspice
503 1807 554 1868 tot
566 1805 749 1887 ,memoriae
772 1804 918 1888 proditos
942 1803 1038 1870 duces
1062 1805 1143 1868 mali

115 1894 263 1977 exempla
289 1893 362 1958 fati:
390 1893 490 1958 alium
517 1894 565 1957 ira
587 1894 623 1956 in
645 1893 745 1959 cubili
768 1915 826 1958 suo
850 1892 1010 1975 confodit,
1039 1894 1142 1958 alium

114 1982 200 2047 intra
229 2003 319 2047 sacra
349 2003 477 2047 mensae
506 1982 577 2047 iura
606 1983 778 2066 percussit,
807 1983 907 2047 alium
939 1983 1025 2046 intra
1051 1983 1141 2067 leges
1161 2004 1188 2045 ac

114 2071 312 2155 celebrisque
336 2071 555 2154 spectaculum
575 2070 640 2134 fori
656 2072 848 2154 lancinavit,
870 2071 970 2135 alium
989 2070 1050 2134 filii
1068 2093 1142 2154 par·

113 2158 228 2225 ricidio
261 2160 335 2224 dare
360 2160 549 2246 sanguinem
577 2161 684 2243 iussit,
715 2161 816 2225 alium
840 2160 949 2226 servili
971 2181 1070 2224 manu
1092 2182 1141 2226 re-

114 2250 220 2334 gulem
244 2250 367 2333 aperire
391 2249 553 2334 iugulum,
575 2250 676 2314 alium
694 2251 730 2314 in
747 2270 841 2315 cruce
860 2249 1004 2314 membra
1021 2250 1141 2314 disten·

77 2352 94 2401 a
114 2337 196 2401 dere.
228 2341 261 2401 et
280 2337 384 2403 adhuc
403 2339 605 2424 singidonum
624 2338 785 2422 supplicia
797 2359 908 2402 narro:
921 2338 1014 2423 quid,
1032 2339 1061 2404 si
1078 2338 1141 2402 tibi

102 2427 244 2491 [libuerit
275 2427 395 2492 relictis
428 2428 463 2492 in
495 2449 576 2512 quos
609 2428 657 2491 ira
687 2428 809 2492 viritim
842 2428 961 2493 exarsit
996 2427 1141 2510 aspicere
1161 2453 1190 2496 ss

114 2536 221 2581 caesas
245 2516 354 2602 gladio
378 2517 544 2582 contiones
568 2520 600 2581 et
623 2517 750 2601 plebem
773 2517 918 2582 immisso
942 2517 1045 2580 milite
1064 2536 1141 2581 con-

113 2606 306 2670 trucidatam
331 2610 363 2670 et
385 2607 420 2670 in
442 2607 618 2690 perniciem
647 2606 864 2689 promiscuam
887 2609 975 2670 totos
997 2604 1140 2690 populos

114 2694 229 2778 capitis
253 2694 416 2761 damnatos
438 2728 521 2764 aes

204 2868 291 2923 ltam
305 2869 550 2938 perniciosumque
564 2886 583 2924 c
596 2872 713 2938 tamque
721 2870 943 2938 pemitiosumL
951 2869 961 2942 ll
974 2868 1075 2924 dnoua
1087 2870 1140 2924 aL

114 2956 187 2994 nova
200 2941 268 3011 colp.
284 2940 294 3012 ΙΙ
306 2939 325 2994 d
339 2941 521 2998 intratGerle
531 2942 590 2997 coll.
605 2943 669 2996 Tac.
680 2958 745 2997 anu.
756 2943 818 2996 143
832 2941 909 2995 intra
922 2959 941 2995 a
955 2958 1005 2997 om.
1016 2941 1060 3012 ΕΙ
1073 2956 1140 2995 cou-

114 3011 214 3066 citatio
227 3013 399 3067 Cornelissen
413 3013 552 3080 cogitacio
568 3030 586 3067 a
601 3013 738 3082 cogitatio
752 3016 768 3066 ὁ
781 3013 807 3067 L
822 3020 854 3067 ut
866 3013 935 3083 culp.
949 3012 960 3084 ΙΙ
972 3012 990 3067 9
1000 3011 1139 3080 dampna-

115 3099 169 3150 que
184 3100 203 3138 α
215 3083 225 3154 Η
240 3083 274 3136 lzl
289 3085 380 3137 exicia
394 3084 525 3153 gencium
539 3101 558 3138 a
572 3084 658 3210 bam
672 3102 691 3138 a
703 3084 713 3157 11
726 3083 762 3138 13
776 3084 870 3138 menia
879 3101 899 3139 a
911 3084 921 3156 ll
935 3081 970 3137 14
985 3083 1083 3152 spacia
1096 3085 1133 3155 a!

114 3153 150 3208 18
169 3154 280 3208 exaurit
298 3172 317 3208 α
338 3158 340 3226 5
362 3156 529 3210 memoriae
544 3156 554 3227 ll
590 3156 700 3211 (lintre
713 3175 730 3207 o
744 3162 858 3224 atroque
877 3156 933 3211 loco
952 3154 1028 3208 inter
1044 3156 1114 3225 cuiq.
1133 3165 1136 3219 ξ

114 3241 210 3279 mense
229 3226 292 3279 iura
311 3227 366 3280 aL
384 3228 448 3280 iura
465 3228 556 3282 abesse
575 3227 654 3281 ntulit
668 3227 747 3281 Koch
765 3227 824 3281 coll.
842 3227 906 3281 Tac.
923 3243 983 3280 aaa
1005 3225 1091 3281 XIII
1103 3232 1138 3280 17

116 3297 224 3351 XV52
248 3297 512 3360 Va1.Maae.V3,3
536 3298 547 3370 ΙΙ
571 3297 607 3352 28
633 3297 664 3351 in
683 3313 769 3352 ¹cruce
791 3295 919 3351 membra
942 3295 1139 3350 distenderes

115 3367 232 3436 lapsas
254 3367 284 3422 in
307 3383 403 3423 cruces
424 3367 551 3423 membra
569 3368 718 3423 diffindere
736 3386 755 3424 o
773 3369 803 3423 in
822 3383 919 3422 cruces
937 3367 1064 3422 membra
1083 3366 1138 3420 dif-

110 3436 232 3492 fundere
245 3440 273 3494 L
288 3439 301 3511 l]
318 3439 354 3493 25
372 3440 482 3494 uiritim
500 3453 518 3494 ς
535 3441 603 3512 sulp.
618 3441 723 3495 uirium
741 3438 840 3513 α1128
858 3438 1008 3493 damnatos
1019 3439 1139 3511 Madvig

98 3505 229 3573 dampna
248 3527 270 3563 a
288 3510 367 3566 dana
380 3513 417 3567 L.
446 3513 486 3569 Ia
504 3513 554 3569 boc
572 3513 666 3582 uerbo,
680 3512 753 3582 quod
766 3518 806 3566 eet
818 3511 1075 3577 ultimmnfcl.12r
1091 3552 1101 3577 ‚
1120 3528 1139 3566 a
