2438 3846
99 157 164 223 180
295 154 324 209 L.
340 151 483 208 ANNAEI
501 151 667 210 SENECAE
685 152 781 208 DlAL.
795 152 864 208 LIB.
879 152 926 209 VL

96 299 166 382 illa,
190 321 272 384 quae
295 299 388 366 nobis
412 299 532 365 inferos
554 299 680 365 iaciunt
701 298 875 382 terribiles,
897 298 1024 364 fabulas
1044 320 1124 383 esee,

96 389 203 454 nullas
238 389 395 455 inminere
428 389 565 454 mortuis
597 389 837 461 tenebrasanec
870 409 1029 456 carcerem
1061 410 1124 455 nec

96 477 232 543 flumine
262 478 338 566 igne
374 477 545 564 flagrantia
576 499 637 544 nec
666 476 872 544 Oblivionem
904 500 1032 546 amnem
1061 500 1124 545 nec

95 567 270 632 tribunalia
300 571 332 632 et
357 588 431 633 reos
459 571 492 633 et
518 566 553 632 in
580 567 637 633 illa
663 567 812 632 libertate
839 572 907 633 tarn
934 568 1009 633 laxa
1035 569 1122 634 ullos

95 655 213 721 iterum
247 661 416 741 tyrannos:
452 658 600 722 luserunt
632 656 694 720 ista
726 661 841 741 poetae
873 661 906 722 et
937 658 1028 722 vanis
1060 679 1122 724 nos
1154 680 1167 722 o

60 746 257 832 cogitavere
287 746 471 812 terroribus.
518 766 605 810 mors
633 745 783 811 dolorum
806 747 951 810 omnium
976 747 1121 813 exolutio

95 839 145 900 est
168 839 200 900 et
223 835 311 918 finis,
334 836 421 899 ultra
444 857 540 919 quem
564 836 650 900 mela
666 839 779 900 nostra
797 856 864 899 non
882 839 1013 919 exeunt,
1038 858 1121 921 quae

94 944 154 988 nos
169 924 203 987 in
216 924 306 989 illam
320 924 598 1009 tranquillitatem,
612 925 647 988 in
660 927 907 1009 queantequam
915 947 1123 991 nasceremur
1188 973 1191 980 -

94 1013 266 1096 iacuimus,
289 1015 425 1098 reponit.
463 1014 491 1079 si
514 1018 717 1079 mortuorum
740 1015 857 1097 aliquis
881 1015 1064 1096 miseretur,
1089 1020 1122 1080 et

94 1123 161 1167 non
183 1107 334 1168 natorum
357 1103 554 1168 misereatur.
592 1125 678 1169 mors
700 1125 760 1168 nec
779 1103 900 1169 bonum
919 1125 979 1169 nec
998 1105 1120 1169 malum
1141 1128 1167 1168 uo

95 1195 157 1275 est,
180 1193 213 1256 id
237 1193 322 1257 enim
345 1196 454 1276 potest
477 1197 533 1258 aut
555 1192 677 1257 bonurn
701 1196 758 1257 aut
780 1193 903 1258 melum
926 1215 1009 1277 esse,
1033 1195 1121 1279 quod

95 1281 217 1365 aliquid
250 1285 313 1365 est3
343 1283 429 1366 quod
458 1303 535 1347 vero
565 1281 673 1366 ipsum
701 1281 784 1346 nihil
811 1287 862 1347 est
888 1286 921 1346 et
950 1284 1059 1347 omnia
1086 1285 1121 1347 in

93 1370 233 1436 nihilum
260 1371 392 1456 redigit,
418 1371 502 1436 nulli
530 1393 589 1437 nos
613 1371 762 1437 fortunae
785 1370 898 1454 tradit;
926 1372 1011 1436 mala
1033 1372 1120 1437 enim

94 1458 243 1544 bonaque
266 1460 351 1524 cirea
369 1460 510 1542 aliquam
529 1465 699 1526 versantur
717 1460 893 1525 materiam.
926 1482 993 1526 non
1011 1465 1121 1545 potest

94 1547 127 1611 id
145 1549 277 1614 fortuna
295 1553 416 1632 tenere,
436 1550 523 1635 quod
541 1553 658 1615 natura
671 1548 807 1634 dimisit,
825 1571 885 1616 nec
899 1553 1009 1634 potest
1022 1551 1121 1617 miser
1140 1573 1166 1614 rs

59 1655 75 1703 6
94 1658 164 1704 esse
188 1639 244 1722 qui
262 1639 371 1703 nullus
391 1642 448 1704 est.
485 1639 622 1705 excessit
640 1639 726 1704 filius
745 1644 820 1705 tuus
840 1641 1012 1722 terminos,
1035 1641 1121 1706 intra

95 1747 176 1810 quos
207 1728 358 1811 servitur,
391 1728 517 1812 excepit
548 1730 641 1793 illum
672 1750 791 1814 magna
821 1732 853 1792 et
883 1732 1012 1793 aeterna
1042 1751 1119 1813 pax:

93 1838 161 1881 non
196 1817 395 1900 paupertatis
437 1821 540 1900 metu,
585 1839 652 1882 non
694 1817 879 1883 divitiarum
922 1839 1011 1901 cura,
1052 1840 1120 1883 non

92 1904 237 1970 libidinis
265 1928 323 1989 per
344 1907 547 1990 voluptatem
575 1907 699 1972 animos
723 1907 884 1992 carpentis
908 1907 1049 1972 stimulis
1072 1908 1120 1973 in·

94 1994 242 2078 cessitur,
272 2018 339 2060 non
368 1996 490 2061 invidia
520 1996 683 2062 felicitatis
714 1997 836 2061 alienae
864 1997 1023 2082 tangitur,
1051 2019 1120 2062 non
1139 2020 1166 2061 so

95 2106 171 2149 suae
201 2085 372 2169 premitur,
401 2108 442 2150 ne
470 2086 624 2150 conviciis
655 2085 786 2169 quidem
816 2086 891 2150 ullis
920 2085 1119 2152 verecundae

94 2195 186 2238 aures
201 2174 423 2258 verberantur3
440 2173 531 2239 nulle
545 2175 675 2258 publice
689 2174 795 2250 clades
809 2174 1016 2259 prospicitur,
1028 2176 1120 2241 nulla

94 2262 233 2347 privata3
256 2284 323 2327 non
345 2263 503 2329 sollicitus
526 2264 629 2329 futuri
651 2263 770 2348 pendet
793 2287 832 2328 ex
855 2268 973 2330 eventu
992 2263 1120 2350 semper

93 2352 266 2418 incertiora
291 2353 487 2438 rependenti.
538 2353 668 2419 tandem
696 2354 743 2418 ibi
771 2353 930 2437 constitit,
958 2354 1043 2420 unde
1071 2355 1119 2420 nil

94 2463 167 2506 eum
187 2443 300 2526 pellat,
323 2443 379 2507 ubi
401 2442 484 2508 nihil
506 2447 633 2509 terreat.
1138 2467 1165 2509 se

93 2599 226 2654 madere
249 2615 305 2654 ooo
328 2602 504 2656 concesserim
527 2601 537 2674 ll
562 2601 579 2656 1
602 2600 715 2655 fabulas
738 2603 837 2671 scripsi
855 2602 915 2657 coll.
931 2603 1008 2670 epist¹
1022 2605 1068 2667 82,
1084 2606 1120 2656 16

93 2668 192 2723 sabula
210 2670 253 2725 Α1
272 2672 348 2739 quod
365 2689 383 2726 a
401 2673 508 2728 duobus
525 2675 567 2729 ita
585 2679 735 2728 cerream
752 2679 804 2739 est,
825 2680 858 2728 ut
874 2675 945 2728 alter
963 2674 1077 2728 ultimae
1101 2690 1118 2726 a

92 2743 408 2884 accrescas
426 2742 1119 2872 dersmdattacestsatttr

92 2885 140 2939 sed
156 2813 314 2954 sidedepiet.
328 2890 372 2953 82,
382 2834 517 2942 wem
531 2889 587 2956 fur.
604 2890 675 2943 1222
692 2886 702 2959 ll
722 2886 740 2942 4
758 2886 810 2941 illa
828 2904 890 2952 reos
908 2886 1042 2943 libertate
1056 2859 1120 2943 ΑΙῘἸ

92 2971 162 3011 core.
182 2957 298 3025 Lipsius
320 2957 330 3030 ll
352 2957 388 3013 14
407 2958 530 3027 aliquem
549 2961 576 3028 (e
595 2975 664 3014 corr.
679 2960 711 3014 ia
730 2974 747 3012 a
764 2976 799 3013 m.
815 2962 899 3029 1-2)
917 2961 1049 3014 uersatur
1062 2960 1090 3014 A
1108 2959 1119 3032 ll

92 3027 128 3082 12
147 3027 298 3099 carlpentis
316 3028 374 3096 A¹;
392 3036 457 3099 post
475 3044 524 3084 car
541 3032 573 3085 ia
591 3047 677 3101 mera.
696 3034 729 3084 ru
748 3030 812 3085 cdd.
832 3049 867 3086 m.
885 3033 1034 3098 recantata,-
1058 3047 1118 3085 cor-

92 3099 249 3167 rumpentis
271 3101 330 3154 scil.
349 3107 382 3155 at
403 3108 443 3156 est
464 3103 497 3156 ia
515 3103 546 3156 F
566 3108 700 3156 correcwr
719 3103 875 3171 scriptores
893 3109 952 3158 erat
977 3102 1117 3172 capientis

92 3170 229 3226 Schultess
251 3171 311 3226 coll.
332 3171 386 3227 Oia
404 3173 464 3228 Oet.
483 3190 518 3228 m.
533 3176 569 3227 44
591 3172 601 3245 ll
625 3171 661 3226 22
680 3172 770 3227 cladis
788 3175 816 3229 A
838 3172 849 3246 ll
873 3172 909 3228 28
927 3173 1044 3229 solliciti
1062 3177 1090 3229 A
1111 3174 1115 3245 l

92 3240 199 3311 pendet
213 3242 235 3296 a
249 3258 283 3297 ex
297 3243 325 3297 A
344 3259 412 3299 coir.
427 3245 495 3315 vulp.
513 3244 516 3316 1
533 3260 644 3314 semper
657 3244 810 3300 incertiora
823 3245 991 3314 rependenti
1000 3246 1118 3317 Lipsiae

90 3315 198 3369 incerto
215 3316 372 3370 coniectare
390 3331 500 3384 semper
515 3316 546 3370 in
560 3316 681 3371 certiora
700 3316 872 3386 dependenti
886 3318 914 3373 A
933 3334 954 3371 s.
969 3318 999 3372 in
1014 3317 1117 3372 deteri-

92 3401 143 3440 ora
162 3385 334 3454 dependenti
351 3387 411 3442 edd.
425 3389 491 3443 inde
509 3389 544 3443 ab
563 3388 690 3444 Erasm,¹
708 3390 769 3457 (cfr.
784 3405 844 3458 cap,
863 3393 950 3458 23,1)
969 3390 1117 3459 reponenti

84 3459 180 3581 paple'ltt
186 3458 269 3514 Gertz
285 3457 392 3527 pendet
405 3475 421 3513 e
434 3461 511 3515 tecto
525 3463 626 3516 eventu
641 3477 752 3530 semper
765 3461 795 3515 in
808 3461 929 3515 tectiore
944 3460 1118 3530 dependenti

73 3543 117 3578 te
130 3544 153 3579 u
175 3545 222 3583 ces
431 3568 433 3572 ,
