2438 3846
411 159 460 214 DE
479 158 543 213 IRA
561 159 628 214 LlB.
643 158 690 214 III.
724 157 801 213 cAP.
817 164 833 212 6
1071 163 1134 227 115

111 307 186 373 bilis
210 309 259 371 est
280 309 314 370 et
336 305 525 390 dispositum
551 327 688 390 quorum
712 304 796 369 nihil
818 304 961 368 invenies
985 305 1019 367 in
1042 305 1134 371 irato.

112 396 184 482 quis
207 395 294 460 enim
316 395 454 461 traditus
477 394 582 459 dolori
605 398 637 459 et
657 394 766 460 furens
784 416 851 459 non
869 393 1006 478 primam
1025 395 1136 459 reiecit
1153 412 1170 459 a

112 484 358 551 verecundiam?
394 484 467 568 quis
486 483 610 567 impetu
628 484 775 550 turbidus
790 487 822 548 et
835 484 870 548 in
884 483 1025 566 aliquem
1039 505 1135 548 ruens

31 603 35 609 ·
111 596 179 640 non
202 572 359 659 quidquid
382 573 417 637 in
439 594 473 639 se
495 572 669 638 venerandi
687 573 801 638 habuit
819 572 957 638 abiecit?
993 573 1046 637 cui
1065 573 1135 637 cffi-

81 684 94 727 s
112 665 236 730 ciorum
249 683 401 728 numerus
415 666 472 728 aut
486 661 565 728 ordo
580 662 727 728 constitit
739 662 896 727 incitato?
920 661 991 746 quis
1005 663 1136 747 linguae

112 752 324 836 temperavit?
365 752 437 837 quis
459 752 561 817 ullam
583 755 708 835 partem
732 751 876 835 corporis
899 750 1025 815 tenuit?
1063 752 1135 835 quir

113 865 147 907 se
164 862 274 928 regere
292 842 401 925 potuit
419 841 610 907 inmissum?
644 839 788 924 proderit
805 840 899 906 nobis
919 840 1000 904 illud
1019 839 1135 906 Demo·
1155 858 1171 906 e

113 931 187 995 criti
210 931 348 996 salutare
367 935 587 1014 praeceptum,
609 951 673 1014 quo
692 933 891 995 monstratur
909 929 1136 1013 tranquillitas,

114 1019 142 1084 si
172 1041 276 1104 neque
308 1018 461 1103 privatim
491 1040 596 1103 nequa
627 1018 757 1102 publice
789 1020 892 1084 multa
926 1022 983 1083 aut
1014 1019 1137 1083 maiora

69 1129 95 1169 ιο
113 1108 234 1174 viribus
265 1109 384 1174 nostris
415 1108 582 1194 egerimus.
637 1128 815 1191 numquam
842 1110 908 1172 tam
936 1107 1074 1173 feliciter
1102 1109 1135 1172 in

113 1199 216 1264 multa
245 1196 436 1263 discurrenti
463 1197 594 1282 negotia
617 1196 684 1261 dies
712 1197 840 1280 transit,
868 1200 994 1261 utnon
1018 1201 1075 1262 aut
1098 1219 1137 1262 ex

113 1287 242 1361 homine
272 1291 328 1352 eut
358 1308 398 1351 ex
427 1307 462 1352 re
490 1286 611 1352 offensa
637 1289 801 1370 nascatur,
830 1306 911 1369 quae
936 1286 1080 1350 animum
1103 1287 1138 1350 in

113 1376 177 1440 iras
204 1379 302 1459 paret.
355 1374 625 1460 quemadmodum
651 1397 710 1459 par
736 1369 918 1459 frequentia
949 1375 1038 1440 urbis
1065 1376 1174 1441 locas

46 1485 48 1489 ’
113 1465 299 1550 properanti
327 1465 362 1528 in
389 1465 510 1530 multos
538 1463 794 1529 incursitandum
822 1468 871 1529 est
893 1468 925 1528 et
948 1464 1049 1529 aliubi
1071 1463 1137 1529 labi

69 1574 95 1615 rs
112 1575 241 1620 necesse
269 1556 330 1638 est,
358 1553 458 1618 aliubi
481 1553 625 1636 retineri,
648 1553 748 1618 aliubi
771 1554 927 1639 respergi,
950 1554 996 1617 ita
1018 1555 1053 1617 in
1075 1554 1138 1618 hcc

113 1643 197 1708 vitae
221 1646 296 1708 actu
319 1643 475 1727 dissipato
494 1645 627 1728 strage
647 1643 750 1707 multa
767 1643 994 1728 inpedimenta,
1018 1643 1137 1707 multae

114 1732 274 1816 querellae
304 1732 464 1798 incidunt:
496 1732 578 1797 alius
611 1754 701 1816 spem
730 1736 875 1798 nostram
897 1732 1026 1815 fefellit,
1056 1733 1138 1797 alius

113 1822 248 1906 distulit,
280 1822 362 1887 nlius
395 1822 578 1905 intercepit3
609 1842 676 1886 non
707 1843 748 1903 en
779 1821 938 1886 destinato
971 1820 1139 1905 proposita

113 1910 283 1976 fluxerunt.
336 1910 419 1975 nulli
455 1909 586 1976 fortuna
622 1914 689 1974 tam
722 1909 829 1975 dedita
865 1913 927 1994 est,
964 1913 1001 1974 nt
1036 1911 1174 1976 multas

70 2019 96 2061 se
114 2000 286 2084 temptanti
308 2000 428 2086 ubique
450 1999 656 2084 respondeat;
679 1999 825 2084 sequitur
847 2021 938 2085 ergo,
962 2003 999 2063 ut
1022 1999 1063 2082 is,
1086 2000 1140 2064 cui

114 2093 227 2154 contra
257 2111 353 2174 quam
383 2092 597 2174 proposuerat
628 2088 737 2173 aliqua
770 2092 946 2170 cesserunt,
979 2088 1139 2172 inpatiens

113 2177 283 2243 hominum
309 2199 481 2263 rarumque
508 2179 564 2261 sit,
593 2199 632 2242 ax
658 2177 831 2242 levissimis
855 2178 959 2243 causis
983 2177 1140 2242 irascatur

114 2287 201 2332 nunc
219 2288 382 2351 personae,
404 2289 491 2332 nunc
508 2267 650 2353 negotio,
668 2287 755 2332 nunc
772 2268 855 2350 loco,
877 2288 964 2331 nunc
982 2268 1140 2350 fortunae,

115 2377 202 2420 nunc
225 2355 294 2421 sibi.
340 2357 450 2441 itaque
477 2359 515 2422 ut
538 2356 665 2440 quietus
688 2356 793 2440 possit
815 2378 883 2422 esse
907 2357 1047 2439 animus,
1073 2374 1175 2423 nens

71 2463 97 2503 ae
116 2447 165 2509 est
200 2443 366 2510 iactandus
402 2465 462 2510 nec
496 2445 686 2528 multarum,
727 2449 765 2509 ut
800 2443 880 2528 dixi,
921 2465 1029 2509 rerum
1065 2449 1139 2511 actu

115 2532 299 2618 fatigandus
326 2553 386 2598 nec
409 2555 598 2620 magnarum
626 2554 786 2618 supraque
809 2534 893 2599 vires
917 2533 1139 2618 adpetitamm.

116 2620 210 2687 facile
232 2625 282 2688 est
303 2622 388 2688 levia
410 2627 521 2706 aptare
544 2622 720 2689 cervicibus
749 2626 781 2688 et
803 2623 838 2687 in
860 2622 944 2688 hanc
971 2627 1027 2688 aut
1049 2623 1139 2688 illam

113 2714 240 2794 ‘partem
270 2711 442 2777 transferre
472 2711 541 2777 sine
567 2713 674 2797 lapsu,
702 2716 736 2777 at
764 2733 845 2796 quae
873 2712 986 2777 alienis
1014 2712 1048 2775 in
1079 2734 1139 2778 nos

116 2800 264 2865 manibus
291 2800 434 2884 inposita
460 2822 554 2888 aegre
581 2802 789 2886 sustinemus,
817 2802 896 2866 victi
917 2802 953 2865 in
980 2822 1139 2885 proxumo

70 2911 98 2952 sc
116 2889 324 2974 effundimus3
356 2889 453 2955 etiam
485 2890 562 2956 dum
594 2894 716 2957 sumus
749 2891 808 2956 sub
841 2891 980 2974 sarcina,
1012 2890 1139 2974 inpares

116 2979 206 3044 oneri
228 2979 444 3045 vaccillamus.
738 2977 742 2983 ’

208 3191 222 3245 7
241 3192 368 3247 Democr.
382 3190 482 3262 fragm.
498 3195 515 3247 3
530 3191 610 3246 Diels
629 3191 691 3259 (163
705 3191 785 3261 Nat.)
804 3191 855 3259 cfr.
870 3191 939 3246 dial.
953 3191 1003 3246 IX
1016 3195 1084 3259 13,1

207 3313 396 3372 Avenerandi
416 3315 499 3372 Gesta
523 3313 677 3370 uerecundi
698 3315 726 3370 A
750 3315 761 3388 ll
785 3314 803 3370 9
826 3315 964 3385 sineque
988 3316 1058 3387 culp.
1080 3315 1140 3371 sine

117 3403 174 3456 quo
189 3387 217 3441 A
236 3386 249 3470 ll
270 3386 306 3442 29
324 3388 491 3458 inprommo
506 3386 534 3441 A
552 3386 610 3457 (aad
627 3403 647 3439 u
667 3387 770 3456 aliqwis
787 3388 819 3442 iu
838 3387 849 3441 i
866 3387 990 3443 radendo
1008 3389 1080 3442 cerra'
1098 3404 1141 3442 ere

117 3458 214 3526 coluit)
233 3475 265 3512 m
282 3459 410 3528 proximo
425 3459 452 3513 L
469 3457 501 3512 in
518 3458 692 3528 proximans·
710 3464 737 3514 et
753 3459 856 3514 multae
871 3458 930 3515 edd.
944 3458 959 3529 ll
971 3458 1008 3512 81
1020 3404 1145 3526 naqic'xl-

118 3528 189 3596 lam;
204 3530 232 3584 A
251 3531 330 3600 (crae.
350 3532 366 3580 'c
384 3531 416 3584 in
433 3530 488 3598 fias
505 3530 619 3602 casus.)

924 3631 963 3683 QG·
