2438 3846
367 143 418 202 nu
435 146 500 202 nm
518 145 586 202 um.
598 145 647 204 HL
680 143 756 202 cAP.
773 151 816 229 ra.
831 152 865 203 ie
1067 147 1132 215 125

109 293 245 378 imperia
263 293 465 360 carnificum:
486 292 691 360 ostendemus
710 292 745 357 in
763 292 853 359 omni
870 292 1024 359 servitute
1043 315 1131 379 aper·

110 388 177 448 tam
199 383 342 449 libertati
359 385 454 448 riam.
484 382 512 448 si
530 403 625 469 aeger
647 383 775 449 animus
798 386 831 448 et
854 403 912 448 suo
930 381 1011 448 vitio
1034 384 1132 449 miser

109 475 174 556 est,
203 473 280 538 hnio
311 473 455 539 miserias
484 473 578 538 finire
608 493 716 538 seeum
745 471 829 538 lieet.
881 471 987 539 dioam
1013 477 1046 539 et
1073 473 1166 557 illis

111 563 167 649 qui
189 562 224 626 in
246 583 355 649 regem
377 561 492 627 inuidit
514 561 641 647 sagittis
664 564 796 646 pectora
819 561 996 639 amisorum
1022 565 1131 647 peten-

79 675 91 716 s
109 657 192 734 tem,
215 654 248 715 et
265 652 328 735 illi,
351 651 442 717 euius
466 650 616 716 dominus
633 650 810 716 liberorum
828 650 1004 717 visceribus
1022 655 1130 734 patres

111 743 249 806 saturat:
277 740 367 826 ‘quid
394 741 510 826 gemis,
534 739 687 805 demens?
735 738 814 825 qnid
842 744 1005 824 expectes,
1032 744 1070 805 ut
1099 744 1131 805 te

110 833 167 894 aut
185 829 287 896 hostis
311 831 429 913 aliquis
452 851 510 915 per
533 829 667 894 exitium
690 829 796 916 gentis
819 832 894 894 tuae
911 829 1053 896 vindicet
1075 832 1132 894 aut

110 940 167 984 rex
185 941 205 983 a
221 919 400 1006 longinquo
420 923 535 1003 potens
554 917 705 984 advolet?
727 939 932 1005 quooumque
944 918 1131 1004 respexeris,

110 1008 156 1073 ibi
174 1009 334 1074 malorum
356 1009 431 1073 finis
454 1014 510 1075 est
542 1007 632 1074 vides
655 1007 750 1073 illum
772 1008 982 1092 praeeipitem
1000 1008 1132 1074 locum?

66 1122 92 1161 10
110 1098 186 1162 illae
211 1097 251 1162 ad
268 1099 451 1164 libertatem
474 1096 685 1165 deseenditrr.
722 1097 812 1164 vides
830 1097 912 1162 illud
931 1120 1027 1182 mare,
1049 1098 1131 1163 illud

110 1187 243 1271 fiumen,
271 1189 365 1253 illum
393 1187 550 1272 puteum?
602 1186 734 1253 libertas
768 1186 837 1253 illie
866 1187 902 1251 in
932 1187 999 1252 imo
1034 1187 1130 1253 sedet.

110 1275 199 1340 vides
229 1277 320 1341 illam
353 1277 499 1343 arborem
530 1276 674 1360 brevem,
710 1275 916 1360 retorridam,
947 1276 1132 1342 infelicem?

110 1364 228 1448 pendet
250 1366 325 1431 inde
346 1366 486 1432 libertas.
532 1366 621 1432 vides
645 1365 795 1452 iugulum
817 1368 924 1448 tuum,
947 1368 1061 1451 guttur
1082 1368 1132 1430 tu·

109 1475 182 1537 um,
212 1476 268 1519 eor
296 1455 411 1520 tuum?
464 1453 583 1541 effugia
613 1455 776 1521 servitutis
807 1456 890 1519 sunt.
942 1454 1039 1520 nimis
1070 1453 1132 1518 tibi

66 1565 91 1606 ιε
110 1564 263 1626 operosos
291 1545 396 1610 exitus
423 1548 569 1610 monstro
597 1547 630 1609 et
656 1543 795 1609 multum
823 1543 923 1608 animi
945 1565 983 1609 ae
1005 1544 1131 1610 roboris

110 1632 295 1718 exigentes?
333 1633 458 1717 quaeris
482 1631 570 1716 quod
593 1632 636 1698 sit
658 1632 697 1697 ad
720 1633 903 1699 libertatem
920 1632 1005 1697 iter?
1037 1655 1131 1718 quae·

109 1720 189 1786 libet
211 1723 246 1786 in
269 1743 403 1807 corpore
424 1724 483 1787 tuo
506 1720 617 1786 venal'

199 1825 285 1895 XVI.
332 1827 436 1907 Quam
471 1829 527 1894 diu
561 1828 690 1914 quidem
719 1829 804 1894 nihil
831 1832 899 1894 tam
929 1829 1165 1895 intolerabilel

108 1921 202 1986 nobis
232 1919 374 2002 udatur,
404 1922 442 1983 ut
468 1940 528 1984 nos
558 1918 699 2002 expellat
721 1940 739 1984 e
762 1919 842 2002 vita,
871 1919 967 2002 nam,
996 1919 1031 1983 in
1054 1939 1131 2003 quo-

65 2031 92 2070 πο
111 2031 247 2092 eumque
266 2009 385 2074 erimus
409 2012 508 2092 statu,
532 2028 761 2072 removeamus.
801 2007 983 2092 pernioiosa
1000 2010 1049 2073 est
1068 2028 1131 2074 ser·

110 2097 285 2180 viantibus3
315 2097 420 2161 omnis
444 2099 531 2162 enim
553 2095 734 2182 indignatio
758 2097 793 2160 in
814 2099 1012 2162 tormentum
1036 2118 1132 2162 sunm

109 2185 239 2270 proficit
261 2188 294 2250 et
310 2185 448 2269 imperia
466 2185 615 2272 graviora
637 2185 735 2251 sentit
754 2206 818 2270 quo
837 2184 1058 2252 contumacius
1076 2207 1131 2271 pa·

110 2275 197 2338 titur.
231 2273 277 2338 sio
293 2273 427 2358 laqueos
445 2274 528 2358 fera,
550 2272 628 2339 dum
646 2274 759 2359 iaetat,
782 2274 967 2361 adstringit3
990 2274 1038 2340 sio
1056 2296 1130 2340 aves

110 2363 250 2446 viseum,
279 2362 355 2428 dum
386 2362 584 2449 trepidantes
614 2363 794 2448 excutiunt,
825 2365 946 2449 plumis
979 2364 1130 2429 omnibus

65 2474 91 2515 aa
109 2452 259 2517 inlinunt.
292 2453 419 2518 nullum
438 2458 506 2520 tam
530 2456 636 2519 artium
659 2457 709 2520 est
727 2454 854 2540 iugum,
877 2452 964 2538 quod
986 2475 1053 2518 non
1072 2454 1131 2518 mi·

109 2564 170 2607 nus
198 2540 307 2608 laedat
334 2541 504 2609 dueentem
530 2564 627 2629 quam
655 2546 902 2629 repugnantem:
953 2564 1054 2608 unum
1082 2548 1132 2608 est

108 2632 325 2697 levamentum
344 2631 504 2697 malorum
523 2632 718 2719 ingentium,
741 2630 810 2716 pati
832 2635 865 2698 et
886 2632 1130 2698 necessitatibus

110 2722 176 2785 suis
205 2721 346 2805 obsequi.
393 2719 450 2787 sed
476 2742 551 2787 oum
573 2720 663 2786 utilis
678 2720 729 2787 sit
751 2721 962 2787 servientibus
990 2720 1164 2786 adfectu-n

109 2832 165 2874 um
185 2833 317 2876 suorum
336 2814 368 2876 et
386 2810 483 2876 huius
500 2809 672 2896 praecipue
688 2811 794 2877 rabidi
812 2814 908 2895 atque
927 2810 1038 2877 effreni
1056 2831 1131 2877 eon·

199 3022 217 3077 2
238 3023 327 3089 viam,
348 3023 404 3078 nisi
422 3039 457 3078 ae
477 3039 508 3078 er
525 3023 636 3077 animus
654 3023 706 3078 est.
743 3022 800 3078 Suo
817 3021 887 3078 vitio
905 3021 991 3076 miser
1008 3024 1063 3089 est,
1083 3022 1130 3076 eui

109 3095 237 3149 miserias
256 3095 336 3149 finire
355 3111 449 3150 seeum
479 3094 541 3149 'oet
569 3095 690 3166 Madvig
703 3095 822 3150 currerit
834 3100 860 3150 et
872 3094 1060 3164 interpam&
1072 3109 1130 3148 aon

109 3166 250 3222 aueosor
266 3165 327 3235 (οἷν.
343 3166 445 3223 Mutet
458 3167 523 3222 diae.
538 3167 684 3238 Martum.
700 3169 773 3222 1890
784 3181 815 3234 p.
824 3167 872 3236 24)
887 3164 899 3238 ΙΙ
915 3163 1129 3236 lpeotorttioo·

109 3254 171 3290 rum
185 3237 227 3293 Α1
245 3253 314 3293 corr.
333 3237 376 3292 Αὅ
390 3237 402 3323 Η
426 3237 445 3292 d
467 3238 517 3308 qni
540 3239 687 3308 exspectas
708 3239 772 3292 ntte
794 3238 845 3292 aut
867 3238 896 3307 (a
912 3253 969 3292 aa.
984 3236 1049 3291 add.
1062 3237 1126 3305 tort.

109 3309 161 3378 Μ)
179 3308 222 3364 A¹
239 3309 294 3365 oid.
308 3309 538 3378 tatemerem.
553 3309 596 3364 A⁸
608 3312 640 3365 in
653 3325 708 3365 rae.
722 3307 741 3436 Η
757 3308 772 3363 7
785 3307 1014 3380 prexitjingentis
1027 3315 1060 3364 ut
1071 3309 1127 3363 oid.

109 3380 159 3448 ΑΒ
177 3397 246 3436 corr.
260 3381 293 3436 in
310 3396 362 3450 per
379 3381 497 3437 exitium
515 3382 608 3451 gentis
626 3380 669 3436 Al
690 3379 700 3453 Η
762 3380 917 3450 respexeris
932 3379 975 3435 A⁸
990 3380 1023 3435 ia
1040 3397 1127 3452 marg.

109 3452 285 3580 reslperilsvfl¹
306 3451 317 3525 ΙΙ
341 3451 376 3508 12
394 3452 560 3508 retorridam
574 3452 617 3508 Αι
635 3453 664 3508 et
681 3451 825 3507 horridam
843 3467 912 3509 corr.
927 3451 969 3506 A*
990 3451 1001 3525 ss
1023 3451 1059 3507 lu
1082 3467 1129 3506 ex-

108 3540 144 3593 pe
166 3530 197 3581 at
1130 3565 1133 3570 Δ
