2438 3846
247 143 297 198 DE
316 142 549 199 CONSTANTIA
568 143 757 200 SAPIENTIS
776 144 854 202 cAP.
871 151 904 200 19
1044 149 1088 217 45

62 289 274 374 eontrarium
296 312 355 355 vos
386 289 472 355 enim
501 312 570 355 rem
599 291 726 377 geritis,
754 292 804 357 illi
833 296 927 376 parta
952 293 1090 360 victoria

61 384 118 446 est.
165 402 205 445 ne
228 383 405 466 repugnate
419 383 525 446 vestro
549 380 635 445 bono
659 384 691 445 et
713 381 797 448 hano
820 404 925 467 spem,
948 382 1025 448 dnm
1048 384 1089 448 od

61 491 174 535 verum
197 470 402 555 pervenistis,
432 469 508 534 alite
534 470 569 533 in
594 471 710 535 animis
732 471 932 556 libentesque
956 472 1090 537 meliora

61 559 201 644 excipite
233 562 265 624 et
298 559 450 642 opinione
477 580 515 624 ao
537 563 615 624 voto
643 561 764 625 iuvate:
796 582 865 626 esse
895 561 1018 646 aliquid
1042 563 1088 626 in·

30 648 199 732 evictum,
222 670 290 714 esse
314 648 467 733 aliquem,
495 648 530 712 in
553 671 649 733 quem
671 650 755 715 nihil
777 649 909 715 fortuna
931 652 1048 735 possit,
1071 673 1089 716 e

62 760 96 803 re
119 738 250 823 publiea
272 741 321 802 est
343 737 469 823 generis
492 738 634 802 humani.

151 912 170 967 8
183 913 337 983 pervenitis
350 915 420 984 volp.
435 930 469 969 ex
482 926 499 968 ς
513 907 577 982 fort.
593 921 670 970 recte.
685 916 735 982 cfr.
750 915 819 970 dial.
830 915 899 971 XII
910 919 981 982 18,1
999 915 1002 988 y
1019 914 1088 970 alite

61 985 131 1056 volp.
154 985 238 1040 aliter
257 986 286 1041 A
311 985 321 1058 Η
348 986 366 1040 4
389 985 499 1055 aliquid
518 987 545 1041 A
569 985 694 1055 aliquem
713 999 731 1040 ς
754 986 765 1059 ll
789 985 807 1040 ὅ
830 1002 876 1043 ere
898 986 1016 1057 publiea
1036 991 1087 1043 est.

62 1056 173 1126 generis
192 1057 311 1114 humani
329 1059 373 1112 est
391 1059 419 1112 A
442 1073 510 1112 corr.
530 1059 562 1112 io
580 1070 605 1112 ς.
634 1057 806 1133 Subscriptio
824 1059 891 1114 libri
908 1061 995 1114 minio
1009 1060 1089 1128 picto

61 1129 129 1183 hoec
147 1135 199 1183 est.-
222 1129 251 1183 L.
268 1129 300 1182 A.
316 1129 421 1212 Seneop
447 1129 492 1182 Ad
511 1128 653 1184 Serenum.
687 1129 747 1184 Nee
765 1129 900 1185 iniuriam
919 1145 971 1184 neo
990 1133 1088 1185 eontu-

62 1199 177 1254 melinm
202 1201 330 1270 accipere
353 1203 518 1270 sapientem.
556 1200 680 1270 explicit.
714 1202 718 1273 l
746 1200 852 1271 Incipit
877 1201 923 1256 Ad
945 1201 1088 1257 Novotnm

62 1270 104 1325 De
123 1271 169 1326 Ire
188 1271 260 1327 liber
278 1273 394 1342 primus.
424 1273 451 1326 fe
470 1272 492 1327 li
511 1272 538 1328 oi
555 1275 607 1328 ter.
