2438 3846
107 167 170 235 138
309 163 339 218 L.
354 162 497 228 ANNAEI
515 161 679 229 SENECAE
698 162 793 218 DIAL.
808 162 876 218 LIB.
890 162 924 217 V.

104 309 270 375 ιιιιιιιι
299 329 443 391 manuos,
471 271 590 374 murcos
614 308 733 373 uenus
757 308 846 392 fasir,
874 309 971 373 stum
994 309 1049 373 uu
1072 331 1128 392 ps-

104 400 238 465 tientem
267 404 312 464 est
339 402 458 463 nancta
487 397 661 462 materiam.
714 398 803 464 adice
825 419 912 464 nunc
935 397 1022 482 quod
1044 397 1129 464 nihil

104 493 172 554 tam
203 487 353 553 inbecilla
384 491 497 555 uatum
530 490 591 570 est,
627 490 665 551 ut
696 487 764 552 sine
799 487 946 553 elidentis
982 487 1127 572 periculo

105 580 228 663 pereat:
258 577 426 642 inbecillos
450 576 678 642 valentissimis
701 577 780 642 alias
803 577 908 660 dolor,
932 577 1011 642 alias
1035 598 1128 643 casus

69 669 269 769 coaequat.
316 665 407 749 quid,
438 665 525 748 quod
554 666 707 766 pleraque
737 687 860 749 eorum,
890 669 1023 750 propter
1046 688 1128 750 quae
1161 687 1174 728 s

105 755 286 839 irascimur,
305 754 472 819 offendunt
458 758 550 819 tnos
569 755 672 840 magis
690 776 786 838 quam
803 755 936 819 laedunt
941 755 957 819 ‘l
922 755 1128 820 tmultum

105 849 213 910 autem
235 845 426 927 interest,u
404 847 513 908 utrum
536 843 653 927 aliquis
674 844 834 909 ιοιιιιιιιιι
825 867 837 907 ι
854 865 943 908 meae
962 847 1053 946 opste
1037 847 1069 908 et
1087 865 1129 909 an

105 933 188 998 desit
192 932 350 1018 ,eripiat
382 954 423 997 an
455 954 521 998 non
551 932 612 997 det
590 932 785 1017 tatqui
777 955 811 997 ιιι
838 955 939 1018 aequo
968 934 1128 1017 ponimus,

104 1026 214 1087 utrum
245 1023 361 1106 aliquis
393 1021 517 1087 auferat
502 1025 581 1086 tan
603 1026 711 1108 neget,
739 1026 848 1087 utrum
872 1044 961 1107 spem
984 1026 1129 1088 nostram

105 1111 269 1196 praecidat
298 1133 340 1176 an
367 1110 506 1194 differat,
533 1114 643 1176 utrum
666 1115 778 1177 contra
800 1134 860 1177 nos
883 1112 982 1177 faciat
1004 1133 1045 1176 an
1068 1132 1128 1196 pro
1148 1133 1175 1174 ιο

70 1218 152 1284 ose,
183 1222 291 1266 amore
321 1200 452 1265 alterius
484 1222 525 1265 an
553 1200 627 1264 odio
650 1201 762 1266 nostri.
810 1201 940 1284 quidam
963 1221 1038 1265 vero
1061 1222 1129 1266 non

104 1293 232 1355 tantum
254 1290 355 1355 iustas
379 1310 491 1356 causas
516 1288 621 1354 standi
645 1293 758 1355 contra
779 1312 852 1374 nos,
877 1290 932 1355 sed
955 1289 1052 1354 etiam
1072 1289 1129 1354 ho-

104 1382 212 1444 nestas
235 1378 368 1444 habent:
391 1379 473 1444 alius
496 1383 621 1463 patrem
640 1382 760 1463 tuetur,
781 1379 863 1444 alius
882 1379 1027 1459 ιιιιιιιιι,
1045 1379 1129 1444 alius

105 1469 257 1552 patriam,
285 1467 367 1533 alius
397 1468 549 1552 amioum;
581 1467 632 1533 his
655 1471 764 1533 teman
785 1489 852 1533 non
874 1468 1072 1554 ignoscimus
1096 1468 1130 1532 id

105 1556 310 1640 facientibus,
346 1556 432 1640 quod
461 1557 525 1621 nisi
555 1556 696 1622 facerent
730 1558 986 1642 inprobaramus,
1020 1558 1176 1640 imm0,1s

105 1645 193 1730 quod
217 1650 266 1711 est
288 1645 487 1726 incredibile,
512 1667 606 1730 saepe
630 1645 668 1710 de
691 1647 778 1712 facto
801 1647 881 1710 bene
900 1647 1129 1728 existimamus,

70 1749 86 1799 6
106 1735 144 1800 de
167 1734 304 1800 faciente
327 1735 418 1800 male.
456 1740 490 1798 at
513 1757 563 1799 me
581 1734 727 1801 hercules
745 1735 796 1798 vir
813 1756 950 1821 magnus
969 1755 1007 1800 ac
1025 1735 1129 1800 iustus

105 1823 319 1890 fortissimum
343 1845 500 1908 quemque
524 1846 564 1889 ex
586 1823 733 1890 hostibus
757 1825 823 1890 suis
847 1828 879 1889 et
901 1846 961 1908 pro
981 1823 1131 1890 libertato

105 1935 143 1979 ac
176 1914 278 1982 salute
311 1914 434 1998 patriae
474 1913 766 1998 pertinacissimum
801 1914 937 1997 suspicit
968 1917 1001 1978 et
1032 1911 1130 1979 talem

106 2002 168 2068 sibi
192 2003 308 2085 civem,
330 2004 429 2067 talem
452 2003 588 2067 militem
612 2004 798 2089 contingere
823 2005 921 2086 optat.
1149 2022 1177 2064 ιι

72 2107 110 2154 ι’
196 2089 313 2156 XXIX
338 2091 444 2176 Turpe
464 2096 512 2156 est
498 2093 636 2157 todisse
656 2114 751 2176 quem
768 2091 894 2174 laudes3
913 2094 1033 2175 quanto
1052 2112 1129 2156 vero

105 2180 233 2266 turpius
253 2181 294 2245 ob
314 2181 347 2244 id
356 2182 507 2334 aliquem
527 2181 631 2247 odisse
636 2185 796 2282 ,propter
810 2181 897 2265 quod
911 2180 1130 2246 misericordia

106 2270 224 2357 dignus
247 2275 309 2337 est:
337 2270 365 2336 si
388 2275 463 2354 capt
464 2271 534 2336 ivus
559 2272 593 2354 in
616 2272 699 2336 servi
700 2273 802 2335 tutem
826 2271 933 2336 subito
899 2271 1129 2355 tdepressus
1193 2341 1197 2353 ,

106 2360 258 2443 reliquias
287 2360 427 2424 libertat'
403 2364 446 2425 trs
475 2363 564 2425 tanet
592 2382 652 2424 nac
681 2358 722 2424 ad
752 2359 881 2426 sordida
908 2381 946 2426 ac
967 2359 1131 2425 laboriosa
1197 2359 1199 2363 ’

106 2450 285 2514 ministeria
307 2450 402 2534 agilis
426 2449 578 2532 occurrit,
602 2449 630 2514 si
651 2470 690 2512 ex
709 2451 744 2513 ot
745 2450 776 2514 io
795 2449 888 2535 piger
905 2470 1025 2532 equum
1043 2449 1131 2514 vehi·
1149 2470 1176 2512 ιι

107 2539 280 2623 columque
310 2537 433 2602 domini
463 2559 559 2604 cursu
588 2558 655 2602 non
684 2541 854 2622 exaequat,
880 2539 908 2602 si
931 2539 1014 2602 inter
1037 2537 1130 2603 cotti-

107 2627 203 2694 diana
225 2626 395 2714 pervigilia
418 2626 539 2692 fessum
561 2649 692 2692 somnus
717 2628 891 2712 oppressit,
918 2628 946 2692 si
974 2627 1130 2692 rusticum

106 2716 250 2782 laborem
280 2720 407 2782 recusat
434 2720 490 2781 aut
516 2738 583 2782 non
607 2717 735 2782 fortiter
758 2717 839 2781 obiit
861 2739 881 2780 a
904 2717 1056 2782 servitute
1079 2739 1130 2780 ur·

71 2822 87 2870 a
106 2807 191 2871 bana
208 2811 241 2870 et
259 2807 372 2871 feriata
388 2806 562 2871 manslatus
577 2805 618 2870 ad
633 2805 748 2870 durum
763 2806 857 2891 opus!
885 2806 1132 2891 distinguamus,

106 2900 216 2960 utrum
240 2895 356 2978 aliquis
380 2917 447 2959 non
470 2895 573 2979 possit
596 2917 638 2959 an
658 2895 754 2959 nolit:
778 2895 898 2960 multos
917 2894 1131 2980 absolvemus,
1150 2917 1178 2958 ao

107 2986 135 3049 si
159 2985 357 3068 coeperimus
382 2988 455 3049 anto
478 2983 619 3049 iudicare
642 3006 739 3069 quam
763 2984 866 3049 irasci.
911 3004 998 3049 nunc
1023 2988 1131 3050 autem

107 3074 248 3158 primum
271 3076 427 3158 impetum
451 3075 628 3158 sequimur,
652 3072 778 3155 deinde,
802 3073 949 3156 quamvis
968 3095 1051 3140 vana
1070 3095 1130 3138 nos

198 3251 214 3308 1
224 3252 382 3322 patientem
396 3253 440 3306 cst
450 3253 556 3305 nancta
565 3254 633 3306 mat
645 3249 971 3320 Petschenippaticntem
985 3245 1060 3304 nanc
1062 3249 1131 3304 ta

108 3324 258 3378 materiam
273 3325 301 3379 A
319 3341 388 3392 pn
403 3341 439 3377 m.
456 3325 587 3390 <erat>
609 3322 691 3378 Gertz
715 3320 725 3392 Ιι
750 3319 786 3376 14
807 3323 933 3390 patriam
946 3323 975 3376 A
997 3310 1130 3390 patruum

108 3395 176 3465 uolp.
200 3396 210 3466 ιΙ
233 3394 270 3451 22
292 3392 515 3450 miscricordiam
534 3394 576 3448 A¹
599 3397 668 3462 (com
740 3393 795 3448 iore
814 3395 892 3461 srr.,)
914 3392 1014 3448 dando
1031 3393 1132 3449 ultim

108 3483 143 3520 m
151 3412 245 3522 {teleto
262 3473 301 3524 est
322 3466 333 3540 ll
354 3465 392 3522 26
409 3465 567 3522 cottidiana
581 3466 609 3520 A
625 3465 637 3538 ΙΙ
674 3462 824 3522 sobiirA
842 3462 904 3519 obit
922 3463 1050 3521 Bruma?
1065 3465 1130 3533 fort
