2438 3846
105 175 156 229 ao
175 172 345 229 annuam
362 152 522 228 masan
539 173 589 226 nn
609 168 888 261 eousonsmoua
909 169 1020 225 clar
1058 171 1127 252 >347

104 320 278 385 transitum
307 339 344 384 ae
374 319 600 404 migrationem
629 320 722 403 puta,
753 338 826 383 eum
855 316 906 381 dei
932 319 1049 381 natura
1076 315 1130 380 ad-

106 408 198 474 sidua
225 412 257 474 et
284 408 474 474 citatissima
501 407 753 474 commutatione
781 406 833 471 vel
862 405 999 471 delectet
1022 427 1056 471 se
1078 405 1132 470 rel

106 501 282 564 conservet

195 585 266 652 VII.
304 583 335 651 A
365 586 556 652 caelestibus
587 586 724 671 agedum
753 588 786 650 te
816 584 857 649 ad
886 584 1028 649 hnmana
1057 603 1165 652 eon-1

75 678 208 741 everte:
244 675 369 742 videbis
407 679 518 761 gentes
554 674 759 759 populosque
791 675 958 740 universos
990 675 1132 738 mutasse

107 765 222 833 sedem.
269 764 347 850 quid
377 765 440 830 sibi
462 764 578 830 volunt
599 765 635 828 in
658 764 772 829 mediis
795 764 1005 828 barbarorum
1028 761 1132 847 regio-

106 855 201 920 nibus
240 851 378 921 Graecae
414 853 532 919 urbes?
586 853 665 938 quid
700 854 786 918 inter
822 851 920 917 Indos
954 849 1133 934 Persasque

105 942 334 1011 Macedonicus
371 943 498 1009 sermo?
544 939 679 1028 Scythia
715 946 749 1007 et
784 945 872 1007 totus
905 940 961 1005 ille
992 941 1134 1005 ferarum

106 1032 401 1117 indomitarumque
447 1032 595 1118 gentium
638 1035 761 1098 traetus
808 1031 955 1096 eivitates
984 1025 1134 1096 ‘Aehaiae

62 1143 89 1185 ro
106 1121 251 1188 Ponticis
288 1122 445 1207 inpositas
481 1122 632 1187 litoribus
670 1124 826 1187 ostentat:
861 1141 929 1184 non
960 1121 1134 1203 perpetuae

106 1211 222 1278 hiemis
241 1212 387 1295 saevitia,
405 1231 473 1275 non
490 1210 660 1276 hominum
678 1211 810 1296 ingenia
828 1209 869 1274 ad
888 1207 1135 1274 similitudinem

107 1302 188 1366 eaeli
217 1301 268 1366 sui
289 1300 455 1372 horrentia
476 1299 744 1366 transferentibus
768 1299 881 1364 domos
905 1320 979 1364 suas
1003 1297 1135 1363 obstite-

106 1393 202 1461 runt.v
237 1387 445 1456 Atheniensis
468 1389 503 1454 in
526 1387 606 1455 Asia
627 1389 723 1454 turba
746 1393 809 1472 est3
835 1387 970 1455 Miletus
992 1387 1169 1471 quinquen

107 1483 140 1544 et
175 1479 382 1566 septuaginta
416 1479 546 1544 urbium
582 1479 742 1564 populum
778 1479 814 1542 in
851 1477 978 1542 diversa
1008 1475 1136 1559 effudit3

62 1589 89 1630 1⁶
107 1571 214 1633 totum
240 1566 354 1634 Italiae
375 1568 476 1652 latus,
505 1569 592 1653 qnod
615 1568 719 1633 infero
743 1568 826 1632 mari
848 1566 1003 1650 adluitur,
1033 1566 1136 1630 maior

108 1655 243 1723 Graecia
264 1658 336 1723 fuit.
383 1656 506 1723 Tuscos
525 1654 605 1723 Asia
623 1658 686 1724 sibi
704 1657 862 1740 vindieat3
884 1655 976 1741 Tyrii
989 1652 1136 1721 Africam
1188 1657 1189 1661 ’

107 1747 268 1831 incolunt,
295 1745 489 1832 Hispaniam
511 1744 627 1831 Poeni3
655 1744 769 1812 Graeci
797 1768 830 1812 se
858 1745 894 1810 in
917 1743 1056 1811 Galliam
1078 1745 1136 1809 im-

107 1837 279 1920 miserunt,
305 1837 342 1902 in
369 1834 535 1903 Graeciam
564 1835 663 1920 Galli3
691 1834 875 1921 Pyrenaeus
903 1832 1137 1900 Germanorum

106 1925 263 1992 transitus
296 1947 364 1991 non
395 1925 538 1990 inhibuit
568 1948 624 1990 —:
656 1947 715 2010 per
745 1925 846 2009 invia,
879 1946 939 2009 per
970 1921 1172 2010 incognitae

63 2015 249 2082 reversavit
286 2037 321 2081 se
356 2014 498 2080 humana
532 2014 657 2081 levitas.
702 2015 822 2080 liberos
854 2014 1073 2100 eoniugesque
1105 2014 1139 2077 et

109 2125 223 2190 graves
265 2103 355 2170 senio
392 2107 541 2189 parentes
578 2107 753 2169 traxerunt.
799 2103 856 2168 alii
890 2103 992 2190 longo
1030 2122 1138 2168 errore

109 2194 220 2260 iaetati
250 2214 320 2259 non
351 2192 471 2258 iudicio
505 2193 672 2279 elegerunt
703 2193 826 2276 loeum,
860 2192 916 2258 sed
947 2191 1138 2258 lassitudine

109 2282 295 2367 proximum
323 2287 576 2368 occupaverunt,
605 2283 661 2347 alii
688 2282 786 2348 armis
815 2282 878 2348 sibi
901 2282 952 2346 ius
975 2281 1010 2346 in
1033 2281 1143 2347 aliena-

109 2375 196 2438 terra
221 2372 381 2456 fecerunt3
410 2370 564 2456 quasdam
592 2374 717 2458 gentes,
745 2393 820 2437 eum
848 2372 961 2457 ignota
982 2372 1140 2455 peterent,

64 2479 92 2521 as
110 2483 197 2533 mare
220 2461 343 2546 hausit,
367 2460 525 2547 quaedam
548 2461 594 2526 ibi
612 2459 840 2544 consederunt,
863 2460 921 2525 uhi
939 2460 1012 2526 illae
1031 2480 1138 2524 rerum

111 2551 256 2617 omnium
285 2552 398 2635 inopia
427 2550 584 2635 deposuit.
630 2571 691 2616 nee
721 2550 871 2615 omnibus
901 2549 1013 2615 eadem
1042 2565 1174 2614 causas

110 2639 314 2723 relinquendi
347 2640 585 2724 quaerendique
616 2640 755 2723 patriam
787 2639 863 2703 fuit:
900 2638 982 2704 ahos
1014 2637 1140 2704 exeidia

110 2729 240 2794 urbium
264 2750 395 2794 suarum
417 2729 591 2795 hostilibus
616 2729 713 2794 armis
737 2728 865 2813 elapsos
888 2729 924 2793 in
942 2728 1048 2793 aliena
1061 2747 1139 2811 spo·

110 2817 207 2883 liatos
241 2817 307 2883 suis
340 2818 547 2903 expulerunt3
583 2819 664 2884 alios
697 2818 874 2883 domestica
905 2816 1021 2884 seditio
1054 2838 1140 2882 sum·

66 2925 93 2965 eo
111 2906 227 2990 morit3
255 2906 336 2972 alios
363 2907 466 2972 nimia
494 2907 722 2992 superfluentis
750 2907 867 2992 populi
894 2905 1076 2989 frequentia
1098 2904 1141 2971 sd

112 2995 329 3062 exonerandas
348 2996 433 3062 vires
452 2996 573 3079 emisit3
591 2997 672 3061 ahos
686 2996 872 3080 pestilentia
886 2998 943 3060 aut
955 2994 1139 3079 frequentes

201 3131 288 3213 Aege
294 3132 375 3207 [dum
389 3134 418 3189 A
432 3136 512 3202 (eras.
527 3134 591 3202 sort.
606 3135 638 3205 n)
650 3133 660 3207 Η
673 3133 710 3189 la
723 3133 906 3190 Atheniensis
920 3145 938 3187 ς
954 3132 1080 3189 athenis
1090 3133 1117 3188 A
1130 3131 1142 3206 ΙΙ

112 3203 148 3258 15
165 3204 264 3276 maior!
286 3204 404 3279 sfgrpeia
418 3206 460 3273 A,
478 3206 561 3261 initio
578 3222 672 3262 vam
689 3205 721 3260 in
737 3206 780 3261 vel
797 3205 837 3260 im
856 3221 935 3273 erae,
953 3205 1028 3260 ande
1048 3203 1142 3259 maior

112 3274 181 3330 olim
207 3273 326 3332 Graecia
353 3277 435 3333 Gertz
459 3276 470 3350 ΙΙ
497 3275 532 3331 16
556 3279 637 3333 tuseo
663 3276 768 3346 sassias‘
794 3275 850 3331 sibi
870 3276 912 3332 A¹
934 3292 1003 3333 eorr.
1025 3273 1113 3348 A¹(?)
1130 3273 1142 3350 ΙΙ

53 3387 56 3394 .
112 3347 148 3402 17
166 3346 219 3403 His
240 3348 336 3404 aniam
358 3350 456 3405 eret
479 3348 643 3419 inhiepania
661 3350 690 3406 A
713 3348 725 3434 l]
748 3347 785 3404 28
807 3347 994 3404 iussinaliena
1009 3347 1053 3404 A¹
1070 3364 1140 3405 eorr.

112 3417 156 3475 A¹
181 3419 192 3493 ll
218 3365 255 3476 hb
279 3437 358 3476 mare
383 3419 502 3476 retinnit
526 3422 596 3477 eons'.
617 3421 757 3477 Matthiae
788 3419 792 3492 l
818 3419 855 3476 28
873 3419 968 3475 aliena
987 3432 1004 3474 s
1026 3427 1053 3476 et
1069 3419 1140 3491 oolp.

113 3489 223 3547 alienas
243 3492 272 3548 A
299 3492 309 3566 Η
332 3490 368 3546 al
390 3492 466 3546 uires
487 3492 516 3547 A
541 3491 614 3575 quod
634 3493 715 3549 Koeb
736 3491 769 3548 de
783 3491 860 3547 eradit
880 3493 941 3548 coll.
956 3491 1025 3547 Veli.
1046 3493 1144 3552 14ss

112 3561 197 3618 urbes
211 3564 370 3621 Pincianus
389 3564 393 3638 l
414 3563 575 3634 frequentis
590 3565 620 3621 A
