2438 3846
127 147 193 213 252
325 144 355 198 L.
370 142 512 198 ANNAEI
531 141 697 198 SENECAE
717 131 812 197 DIAL.
826 139 894 198 LIB.
908 141 954 199 IX.

91 291 254 376 eprivato
278 289 446 374 publicum
464 289 633 375 negotium
656 289 732 375 agit.
770 311 812 354 an
834 289 890 354 ille
908 289 982 373 plus
1001 293 1154 373 praestat,

128 380 185 465 qui
220 380 304 445 inter
335 380 524 465 peregrinos
561 383 594 443 et
630 379 716 443 cives
752 380 809 442 aut
845 378 987 443 urbanus
1024 382 1155 463 praetor

127 469 319 535 adeuntibus
343 469 517 534 adsessoris
536 468 635 532 verba
653 467 856 552 pronuntiat,
880 489 979 552 quam
998 469 1055 552 qui
1074 469 1152 552 quid

128 559 170 623 sit
190 559 329 642 iustitia,
351 557 429 643 quid
452 558 569 642 pietas,
593 557 671 641 quid
695 556 864 640 patientia,
888 557 966 640 quid
984 556 1153 640 fortitudo,

44 673 46 676 ·
128 647 206 732 quid
223 648 338 712 mortis
357 649 576 732 contemptus,
596 645 674 730 quid
689 646 823 710 deorum
837 645 1035 730 intellectus,
1055 668 1152 731 quam
1181 669 1191 710 s

91 740 235 802 stutum
254 737 496 822 gratuitumque
515 736 637 800 bonum
657 737 700 800 sit
718 735 804 799 bona
818 734 1038 801 conscientia?
1074 758 1151 823 ergo

127 827 155 890 si
177 830 306 910 tempus
329 826 364 889 in
387 826 494 890 studia
518 825 677 908 conferas,
701 824 789 908 quod
808 824 999 889 subduxeris
1026 824 1152 909 officiis,

126 937 193 979 non
225 915 401 980 deserueris
433 936 493 979 nee
520 935 639 979 munus
667 913 907 997 detrectaveris,
938 915 1152 999 nequeenim

127 1005 182 1068 ille
215 1005 303 1070 solus
336 1004 469 1087 militat,
502 1004 559 1088 qui
586 1004 621 1067 in
644 1005 712 1070 aeis
736 1006 800 1068 stat
823 1006 855 1068 et
878 1024 981 1069 eornu
1003 1003 1152 1069 dextrum

29 1107 30 1111 ’
126 1094 316 1177 laevomque
336 1092 490 1175 defendit,
510 1092 565 1157 sed
584 1097 612 1156 ei
630 1094 687 1175 qui
705 1095 816 1177 portas
834 1095 945 1157 tuetur
963 1095 996 1157 et
1014 1094 1152 1158 statione
1170 1115 1192 1156 u

127 1172 234 1248 mimis
262 1182 458 1267 periculosa,
484 1203 552 1246 non
580 1183 685 1247 otiosa
707 1186 818 1246 tamen
839 1181 988 1268 fungitur
1011 1183 1152 1268 vigilias·

128 1294 189 1355 que
222 1274 328 1337 servat
359 1275 392 1335 et
415 1271 662 1335 armamentario
687 1273 827 1355 praeest:
860 1285 942 1354 quae
965 1269 1152 1354 ministeria,

128 1362 274 1445 quamvis
314 1361 481 1426 ineruente
519 1360 598 1444 sint,
639 1361 674 1425 in
709 1382 880 1424 numerum
919 1360 1152 1444 stipendiorum

92 1451 269 1514 eveniunt.
307 1449 335 1514 si
357 1453 389 1514 te
412 1450 453 1514 ad
477 1450 584 1514 studia
606 1449 822 1532 revocaveris,
846 1470 941 1514 omne
960 1449 1046 1515 vitae
1064 1449 1153 1516 iasti-

128 1539 217 1605 dium
247 1537 397 1624 effugeris
429 1559 489 1603 nee
519 1543 650 1603 noetnn
680 1539 751 1603 fieri
779 1538 907 1622 optabis
930 1539 1037 1604 taedio
1060 1540 1152 1622 lueis,
1170 1559 1193 1600 is

126 1649 187 1693 nee
214 1627 276 1692 tibi
302 1629 410 1713 gravis
439 1627 501 1692 eris
524 1648 584 1693 nee
611 1628 683 1693 aliis
712 1649 953 1711 supervasum,-
969 1629 1092 1694 multos
1120 1629 1153 1692 in

127 1716 303 1782 amicitiam
327 1715 475 1781 adtrahes
499 1717 683 1802 adfluetque
707 1717 747 1781 ad
772 1720 805 1781 te
829 1722 982 1802 optumus
1007 1719 1152 1802 quisque.

127 1826 305 1890 numquam
342 1805 428 1871 enirn
465 1807 612 1888 quamvis
650 1807 787 1872 obseura
822 1807 925 1872 virtus
962 1807 1055 1891 latet,
1098 1807 1153 1872 sed

127 1894 229 1960 mittit
272 1894 323 1959 sni
364 1895 470 1981 signa:
512 1894 658 1978 quisquis
700 1895 816 1982 dignus
856 1894 968 1979 fuerit,
1006 1896 1153 1983 vestigiis

92 1984 218 2048 villam
249 1983 389 2069 colliget.
422 2005 498 2048 nam
533 1985 561 2048 si
598 2006 727 2050 ornnem
758 1984 1035 2050 conversationem
1067 1986 1153 2063 tolli·
1172 2007 1196 2046 so

127 2093 200 2138 mus
233 2077 264 2137 et
301 2074 410 2158 generi
446 2072 588 2138 humano
622 2075 844 2138 renuntiamus
879 2074 1083 2158 vivimusque
1119 2075 1154 2139 in

126 2184 186 2227 nos
210 2165 342 2235 tantum
361 2162 521 2245 conversi,
548 2167 701 2247 sequetur
723 2164 807 2228 hane
831 2163 1039 2229 solitudinem
1064 2164 1154 2231 omni

128 2250 235 2316 studio
265 2255 426 2316 earentem
456 2251 567 2335 inopia
589 2274 697 2317 rerum
720 2252 931 2338 agendarum:
961 2253 1153 2337 incipiemus

127 2339 274 2406 aedificia
300 2341 365 2405 alia
391 2362 524 2426 ponere,
552 2341 616 2406 alia
639 2341 823 2406 subvertere
846 2346 878 2406 et
901 2364 989 2406 mare
1013 2364 1154 2408 summo·

128 2451 200 2494 vere
233 2434 265 2495 et
302 2452 402 2514 aquas
436 2432 550 2494 eontra
582 2429 807 2517 difficultatem
839 2432 987 2497 locorum
1019 2432 1155 2498 edueere
1172 2453 1197 2494 es

128 2521 161 2583 et
192 2519 275 2583 male
305 2519 491 2603 dispensare
520 2522 661 2603 tempus,
700 2519 787 2602 quod
813 2520 908 2586 nobis
935 2523 1053 2586 natura
1079 2543 1155 2588 eon-

92 2608 319 2673 esumendum
344 2607 444 2672 dedit:
473 2608 529 2672 alii
556 2629 651 2692 puros
674 2608 732 2672 illo
756 2609 892 2692 utimur,
925 2609 982 2673 alii
1004 2610 1155 2696 prodige;

128 2695 183 2760 alii
218 2697 266 2763 sie
301 2696 520 2782 inpendimus,
557 2700 595 2760 ut
626 2697 789 2780 possimus
821 2699 979 2763 rationem
1012 2698 1156 2780 reddere,

128 2786 197 2869 alii,
238 2789 275 2850 ut
315 2786 422 2851 nullas
463 2785 639 2850 habeamus
681 2786 847 2871 reliquias,
890 2808 954 2870 qua
993 2809 1029 2854 re
1069 2786 1156 2852 nihil

217 2942 235 2997 2
249 2942 372 2997 urbanos
385 2944 481 3012 pretor
494 2943 523 2998 A
540 2941 550 3014 Η
567 2940 686 3011 dquam
699 2943 750 3011 qui
763 2943 833 3012 quid
847 2957 865 2999 ς
882 2961 949 2998 nam
963 2945 1013 3013 qui
1027 2944 1098 3012 quid
1111 2944 1157 3000 A¹

127 3030 196 3070 corr.
211 3017 244 3070 ἐπ
261 3030 328 3068 nam
347 3014 483 3084 quiequid
502 3031 537 3069 m.
551 3016 684 3068 recentior
702 3030 788 3083 quarn
803 3015 852 3084 qui
867 3016 963 3081 docet,
980 3014 1050 3083 quid
1064 3016 1155 3071 Erus·

127 3102 188 3140 mus
205 3085 216 3158 ll
238 3085 256 3140 t
275 3101 360 3155 quarn
383 3087 477 3139 tutum
501 3085 714 3155 gratuitumque
733 3084 837 3139 bonurn
856 3087 918 3141 Jolr.
933 3086 1041 3141 Moror
1064 3101 1156 3155 qnan-

127 3159 189 3211 tum
208 3157 395 3230 gratnitorum
415 3156 563 3210 hominum
577 3158 605 3211 A
626 3171 712 3225 quam
730 3158 887 3226 gratuitum
907 3157 1012 3211 bonnm
1031 3157 1156 3228 Seuliqer

128 3231 267 3299 quantum
285 3227 411 3299 gratuito
429 3227 535 3283 bonum
555 3229 674 3299 Madoiy
696 3230 835 3298 quantum
858 3229 1047 3299 gratuitorum
1066 3228 1156 3286 bono·

128 3318 190 3355 rum
205 3301 243 3355 sit
257 3301 287 3354 in
300 3299 376 3354 bona
386 3301 466 3356 Koch
480 3302 619 3370 quantum
633 3301 759 3371 gratuito
768 3303 917 3356 venturum
931 3299 1037 3356 bonum
1049 3301 1132 3358 Gertz
1145 3301 1158 3375 ll

128 3372 251 3428 leomv'r
264 3377 293 3429 A
312 3389 379 3430 corr.
394 3373 463 3443 oolp.
484 3372 494 3444 ll
516 3372 552 3427 10
570 3371 667 3444 leuoq3
682 3373 710 3427 A
731 3373 734 3444 l
756 3374 785 3427 et
803 3373 867 3428 add.
881 3372 986 3500 volpq
1003 3372 1039 3428 16
1057 3373 1112 3428 erit
1125 3379 1156 3429 A

125 3460 194 3500 corr.
211 3446 280 3515 volp.
297 3444 310 3516 ll
331 3443 367 3498 22
386 3443 504 3516 confisis]
520 3446 598 3514 (eras.
614 3446 638 3514 s)
652 3444 681 3499 A
701 3444 705 3516 l
730 3443 808 3516 oriris!
824 3447 903 3514 (nas.
919 3448 943 3514 s)
1003 3445 1014 3518 ll
1036 3444 1072 3499 28
1090 3452 1156 3501 arete

109 3513 291 3582 rnerpiemus
306 3515 393 3573 Gertz
411 3518 474 3572 tum
494 3516 560 3573 add.
574 3516 623 3572 otu
640 3516 793 3571 messano
