2438 3846
220 158 271 213 Al)
290 155 482 213 POLYBIVM
500 156 550 210 DE
570 153 849 212 GONSOLATIONE
868 153 946 210 OAP.
962 160 995 210 13
1056 157 1121 222 329

186 301 274 379 XIII.
321 301 404 390 [32]
428 300 565 368 Abstine
589 302 629 386 ab
652 303 716 368 hoe
739 323 854 367 manus
873 305 961 386 tuas,
983 301 1157 386 fortune,1

96 417 156 462 nee
179 393 215 459 in
236 393 299 459 isto
323 392 503 480 potentiam
526 396 616 458 tuam
638 393 702 458 nisi
726 414 763 456 ea
785 396 876 476 parte
883 440 892 472 ,
916 413 980 476 qua
998 394 1124 475 prodes,

97 483 287 551 ostenderisl
323 487 434 568 patere
456 482 550 546 illum
573 482 684 568 generi
706 482 849 546 humano
868 481 933 545 iam
952 481 1008 546 diu
1026 503 1123 583 aegro

97 579 130 641 et
166 574 281 640 affecto
317 572 451 656 mederi,
487 575 598 656 patere
631 570 785 655 quioquid
817 570 934 655 prioris
967 571 1123 656 principis

64 687 77 728 s
97 665 188 729 furor
210 662 374 729 concussit
397 662 431 726 in
454 665 549 726 suum
571 663 681 727 loeum
704 661 873 726 restituere
896 682 934 727 ao
956 660 1124 745 reponeret

97 752 186 818 sidus
208 753 284 838 hoe,
308 750 396 838 quod
419 750 632 835 praecipitato
656 751 691 815 in
709 749 907 835 profundum
927 754 960 815 et
979 751 1124 815 demerso

97 843 132 907 in
145 842 294 908 tenebras
310 839 381 906 orbi
394 840 536 925 refulsit,
554 861 681 924 semper
693 841 814 905 lneeatl
851 839 905 905 hio
920 837 1124 913 Germaniam
1143 856 1159 904 2

96 936 204 1017 pauet,
232 928 436 996 Britanniam
460 930 597 1014 aperiat,
619 933 652 994 et
674 930 798 1014 patrios
821 929 1005 1014 triumphos
1029 930 1126 995 duoat

97 1025 129 1088 et
160 1044 277 1088 novos:
310 1042 449 1104 quorum
481 1042 533 1084 me
566 1041 695 1104 quoque
727 1022 953 1103 spectatorem¹
969 1019 1126 1104 futurum,

51 1134 78 1175 ro
97 1133 180 1196 qnae
198 1134 239 1178 ex
256 1109 431 1176 virtutibus
447 1109 515 1174 eius
529 1110 670 1193 primum
685 1109 812 1193 optinet
825 1109 945 1192 loenm,
963 1107 1126 1193 promittit

97 1199 277 1268 elementia.
322 1222 382 1265 nee
406 1199 492 1264 enim
516 1199 563 1264 sie
586 1222 637 1264 me
661 1199 791 1283 deiecit,
813 1202 850 1262 ut
872 1199 976 1264 nollet
994 1198 1127 1284 erigere,

96 1293 197 1357 immo
225 1311 267 1354 ne
295 1289 411 1354 deiecit
439 1289 584 1373 quidem,
612 1288 668 1354 sed
695 1289 873 1374 impulsum
898 1312 917 1353 a
939 1288 1071 1353 fortuna
1094 1292 1127 1354 et

97 1380 263 1446 cadentem
288 1378 444 1444 sustinuit
466 1382 499 1445 et
521 1379 556 1443 in
578 1399 731 1462 praeceps
755 1381 884 1443 euntem
907 1377 1024 1443 leniter
1047 1377 1127 1444 divi-

96 1491 156 1536 nae
184 1490 299 1534 manns
326 1489 405 1533 usus
428 1468 649 1533 moderatione
673 1468 835 1551 deposuit:
864 1469 1053 1552 deprecatus
1077 1471 1127 1533 est

50 1578 156 1644 repro
183 1579 236 1624 me
263 1561 411 1623 senatum
435 1561 469 1623 et
490 1556 591 1622 vitam
614 1556 696 1621 mihi
717 1579 786 1622 non
807 1560 936 1622 tantum
959 1557 1047 1622 dedit
1070 1555 1127 1622 sed

97 1648 194 1714 etiam
217 1651 309 1732 petit.
355 1645 486 1711 viderit:
510 1648 639 1731 qualem
659 1647 747 1713 volet
765 1668 848 1731 esse,
872 1646 1035 1713 existimet
1053 1660 1162 1712 ean-3

97 1756 166 1804 sam
202 1758 323 1822 meam3
360 1737 412 1802 vel
448 1736 578 1801 iustitia-
610 1737 679 1801 eius
716 1736 835 1800 bonam
868 1737 1043 1821 perspiciat
1074 1737 1127 1802 vel

98 1826 269 1893 elementia
291 1826 391 1892 faeiat
413 1825 547 1891 bonam:
570 1829 745 1909 utrumque
767 1825 803 1890 in
826 1847 929 1909 aequo
954 1825 1034 1890 mihi
1058 1826 1126 1892 eius

96 1915 290 1982 beneficium
319 1910 394 1999 erit,
421 1914 489 1982 sive
512 1915 718 1981 innocentem
741 1937 793 1980 me
817 1915 927 1982 soierit
949 1938 1033 2000 esse,
1060 1915 1127 1981 sive

51 2019 80 2069 'so
97 2005 245 2071 voluerit.
291 2004 422 2070 interim
451 2028 608 2092 magnum
637 2004 841 2070 miseriarum
871 2027 1016 2070 mearum
1046 2006 1127 2070 sola·
1172 2018 1175 2028 '

98 2096 184 2163 oium
213 2099 262 2161 est
289 2094 399 2161 videre
422 2094 677 2161 misericordiam
701 2095 769 2161 eius
793 2098 900 2160 totum
924 2095 1034 2160 orbem
1057 2117 1128 2178 per·

97 2189 284 2272 vagantem:
312 2207 395 2270 quae
424 2206 497 2251 oum
521 2207 561 2251 ex
583 2184 655 2269 ipro
680 2185 815 2271 angulo,
842 2184 966 2269 inquo
990 2206 1051 2272 ego
1075 2184 1128 2250 de·

97 2276 182 2341 fixus
214 2297 299 2360 snm,
330 2276 515 2360 complures
545 2275 724 2340 multorum
753 2276 819 2339 iam
847 2297 1006 2340 annorum
1033 2273 1128 2340 ruina

98 2365 233 2431 obrutos
257 2364 406 2432 effoderit
429 2368 462 2431 et
484 2364 520 2429 in
541 2364 648 2431 luoem
671 2365 849 2449 reduxerit,
870 2386 938 2430 non
956 2386 1069 2431 vereor
1086 2387 1127 2431 ne

52 2474 79 2516 rs
98 2476 150 2521 me
177 2476 280 2520 unum
303 2458 454 2521 transeat.
501 2454 571 2540 ipse
594 2457 704 2520 autem
728 2454 851 2540 optime
873 2454 967 2520 novit
988 2460 1128 2539 tempus,

99 2565 164 2630 quo
184 2545 301 2629 euique
316 2545 432 2611 debeat
445 2565 646 2628 succurrere3
664 2565 725 2631 ego
741 2566 871 2609 omnem
886 2565 1018 2628 operam
1033 2543 1127 2627 dabo,

97 2657 139 2701 ne
166 2634 335 2719 peruenire
363 2633 479 2700 adme
503 2634 680 2700 erubeseat.
726 2655 746 2698 o
769 2633 898 2699 felicem
922 2632 1163 2699 elementiam

97 2727 203 2810 tuam,
227 2722 357 2810 Caesar,
381 2745 463 2809 quae
486 2722 602 2808 efficit,
624 2727 662 2788 ut
685 2723 878 2808 quietiorem
897 2723 958 2789 sub
977 2727 1009 2788 te
1028 2726 1128 2810 agant

99 2813 199 2880 vitam
228 2815 351 2899 exules,
381 2836 479 2899 quam
506 2833 611 2899 nuper
638 2813 699 2905 snb
723 2811 804 2880 Gaio
833 2834 927 2901 egere
951 2813 1127 2898 prinoipesl

187 2971 206 3028 8
223 2973 310 3042 pacet
326 2972 396 3043 vulp.
415 2971 513 3041 placet
533 2972 557 3028 0
577 2971 580 3044 t
600 2972 709 3042 patrios
724 2973 787 3028 DE
804 2978 830 3028 et
844 2973 879 3027 H
893 2973 925 3027 in
938 2990 1025 3044 rrrarp.
1045 2973 1129 3042 pater

98 3044 194 3100 BHV
206 3045 340 3113 paternos
359 3061 434 3099 uuus
454 3043 569 3100 Gruteri
590 3043 601 3116 ΙΙ
622 3044 659 3098 10
677 3044 789 3113 optinet
808 3043 888 3114 (obt.)
906 3045 984 3100 codd.
1004 3046 1084 3100 Piae.
1104 3050 1129 3099 et

101 3115 216 3171 Gruteri
232 3132 307 3171 uuus
320 3116 348 3170 B
367 3134 401 3171 m.
417 3120 437 3172 2
455 3122 481 3171 et
497 3116 567 3186 only.
587 3116 737 3186 oportetO
757 3116 768 3187 Η
791 3115 828 3170 13
850 3115 953 3172 leniter
967 3117 995 3171 B
1013 3134 1049 3171 m.
1063 3120 1083 3172 2
1098 3117 1133 3171 H
1148 3173 1150 3178 ,

98 3185 202 3242 leuiter
219 3188 345 3244 BDEV
361 3186 371 3260 tl
395 3187 432 3242 16
449 3188 524 3257 petit
538 3188 633 3243 BEH
651 3188 737 3257 petiit
750 3189 810 3244 DB
828 3206 863 3243 m.
877 3192 897 3244 2
912 3188 920 3262 -Ι
942 3195 1007 3258 post
1025 3188 1129 3243 viderit

99 3260 198 3386 ‘dli
218 3259 584 3401 diffibulatam
596 3260 669 3403 ‘llll
681 3258 1129 3402 {Istttlddtttdt

16 3392 19 3403 ¹
99 3401 150 3458 hoe
166 3372 201 3458 m:
217 3407 234 3457 1
253 3403 401 3472 saepserat
419 3402 512 3474 egelo)
532 3417 567 3456 ex
584 3402 646 3472 ipso
665 3403 720 3457 hoe
738 3349 843 3474 algnlo
858 3403 921 3458 DE
945 3403 948 3475 t
977 3403 1085 3458 defixus
1106 3403 1129 3459 O

100 3471 228 3601 dilstllslls
234 3475 409 3602 ἕὲνὲἷαὲαῇ
416 3474 427 3547 Η
444 3473 481 3529 20
494 3490 550 3542 quo
570 3473 673 3543 cuique
691 3475 760 3548 vulp.
780 3478 928 3543 quoadque
950 3475 974 3531 0
990 3474 1002 3547 ss
1018 3473 1054 3530 28
1069 3473 1128 3529 effi·
