2438 3846
363 163 412 217 nn
430 163 494 218 IRA
513 164 580 219 ΜΒ.
593 163 641 220 111.
674 163 752 219 clf.
767 167 809 218 ra.
825 168 859 217 20
1065 165 1128 230 129

107 310 273 395 talaribus,
295 309 415 394 eculeo,
437 311 521 396 igne,
543 311 637 375 vultu
659 331 727 375 suo.
764 314 797 375 et
817 309 882 374 hoc
903 309 977 374 loeo
1000 325 1164 393 respon-2

108 399 249 464 debitur:
272 398 436 485 ‘magnam
458 399 540 464 rem!
568 400 597 464 si
618 402 683 464 tres
702 403 865 464 senatores
881 398 974 483 quasi
990 418 1129 482 nequam
1163 479 1166 490 Ι

109 490 270 573 mancipia
296 489 539 553 intervertere
567 491 599 552 et
626 487 771 554 flammas
795 488 907 553 divisit
928 488 1041 570 homo,
1074 488 1130 571 qui

109 577 147 643 de
177 581 248 642 toto
277 582 389 643 senatu
412 577 602 644 trucidando
626 578 805 663 cogitabat,
837 577 894 661 qui
917 577 1064 662 optabat,
1093 581 1131 641 ut

77 667 248 753 spopulus
277 665 442 732 Romanus
474 689 571 733 unam
600 668 756 733 cervicem
779 666 925 750 haberet,
955 669 993 730 ut
1011 667 1131 731 seelera

110 778 167 821 sua
190 760 241 820 tot
262 756 343 822 loeis
367 779 404 822 ac
423 757 623 841 temporibus
643 756 773 821 diducta
796 757 831 819 in
848 771 949 820 unum
973 756 1075 821 ictum
1098 759 1131 820 et

109 867 209 909 unum
235 845 318 910 diem
343 846 492 932 cogeret?
538 845 616 929 quid
638 850 705 910 tam
729 844 911 910 inauditum
930 867 1032 931 ,quam
1054 865 1130 910 noc-

108 938 240 999 turnum
264 934 482 1019 supplicium?
528 957 601 1000 eum
624 935 795 1000 latrocinia
817 932 1130 1005 tenebrisabscondi

109 1023 247 1106 soleant,
278 1024 583 1109 animadversiones,
616 1045 680 1108 quo
703 1023 847 1088 notiores
871 1027 961 1108 sunt,
992 1024 1066 1108 plus
1095 1024 1130 1087 in

63 1135 89 1174 ιο
108 1114 291 1197 exemplum
320 1115 640 1196 emendationemque
670 1112 849 1196 proficiant.
903 1117 936 1177 et
964 1111 1027 1177 hoc
1055 1113 1163 1178 locos

107 1202 355 1286 respondebitur·
381 1204 475 1267 mihi:
509 1202 607 1286 ‘quod
630 1204 721 1266 tanto
746 1224 842 1287 opere
866 1201 1048 1285 admiraris,
1074 1201 1130 1265 isti

106 1291 219 1355 beluae
238 1292 436 1357 cotidianum
460 1294 523 1376 est,
545 1291 586 1356 ad
604 1292 667 1357 hoe
684 1292 780 1374 vivit,
803 1291 843 1356 ad
861 1291 925 1356 hoc
942 1292 1068 1377 vigilat,
1089 1289 1130 1355 ad

107 1381 170 1446 hoe
198 1380 368 1446 lucubrat?
416 1403 512 1446 nemo
542 1385 628 1447 certe
658 1381 839 1471 invenietur
866 1381 963 1464 alius,
993 1381 1049 1464 qui
1071 1381 1130 1444 irn-

107 1471 268 1553 peraverit
291 1470 440 1536 omnibus
463 1471 514 1554 iis,
536 1471 571 1534 in
590 1493 671 1555 quos
695 1470 908 1535 animadverti
926 1470 1070 1552 iubebat,
1093 1489 1129 1533 os

62 1559 227 1623 reinserta
255 1581 398 1646 spongea
425 1559 562 1643 includi,
583 1582 624 1624 ne
647 1561 737 1626 vocis
760 1559 953 1624 emittendae
976 1558 1131 1624 haberent

107 1648 301 1713 facultatem.
357 1650 410 1714 eui
442 1671 597 1732 umquam
625 1650 783 1713 morituro
809 1670 877 1713 non
904 1651 953 1712 est
981 1648 1130 1714 relictum

107 1758 172 1822 qua
194 1737 356 1823 gemeret?
401 1738 526 1822 timuit,
552 1759 593 1802 ne
616 1760 713 1821 quam
735 1738 920 1803 liberiorem
942 1759 1055 1803 vocem
1079 1758 1130 1801 ex·

106 1831 228 1891 tremus
262 1827 354 1893 dolor
386 1829 543 1910 mitteret,
577 1849 618 1892 ne
647 1827 725 1910 qnid
758 1827 844 1911 quod
866 1827 970 1892 nollet
992 1826 1131 1909 audiret3

107 1915 229 1980 sciebat
263 1921 370 1982 autem
406 1917 653 1982 innumerabilia
688 1939 770 2000 esse,
809 1939 891 2000 quae
923 1916 1048 1981 obicere
1080 1915 1131 1978 illi

62 2025 89 2063 ao
106 2026 201 2069 nemo
229 2006 293 2070 nisi
315 2008 477 2090 periturus
501 2007 639 2071 auderet.
695 2029 769 2072 cum
803 2027 963 2091 spongeae
990 2027 1057 2069 non
1083 2004 1165 2067 in·4

107 2095 305 2178 venirentur,
333 2096 436 2160 scindi
464 2097 656 2160 vestimenta
682 2096 873 2160 miserorum
897 2099 929 2164 et
951 2095 986 2157 in
1009 2115 1045 2158 os
1068 2093 1130 2157 fer-

107 2185 166 2247 ciri
189 2206 313 2267 pannos
350 2186 529 2270 imperavit.
568 2206 649 2267 quae
677 2186 740 2249 ista
769 2183 902 2249 saevitia
929 2181 999 2248 est?
1034 2183 1131 2247 liceat

107 2273 260 2337 ultimum
289 2273 438 2360 spiritum
461 2275 601 2358 trahere,
630 2275 671 2339 da
698 2276 841 2340 exiturae
865 2274 989 2338 animae
1011 2272 1131 2354 locum,

106 2361 204 2425 liceat
226 2362 316 2426 illam
338 2385 406 2428 non
428 2385 486 2457 per
508 2364 625 2428 vulnus
649 2364 808 2428 emitteret
841 2363 964 2427 adicere
987 2363 1038 2425 his
1061 2362 1164 2424 lon-5

63 2481 88 2521 aa
108 2484 186 2547 gum
210 2467 272 2546 est,
300 2462 386 2546 quod
410 2466 517 2547 patres
542 2485 670 2547 quoque
694 2463 874 2528 occisorum
902 2461 1012 2525 eadem
1035 2462 1130 2524 nocte

108 2551 249 2616 dimissis
272 2574 329 2636 per
352 2552 466 2617 domos
489 2553 731 2618 centurionibus
756 2551 908 2634 confecit,
931 2551 964 2615 id
983 2554 1044 2629 est,
1074 2550 1131 2613 ho-

108 2663 162 2705 mo
186 2641 368 2706 misericors
387 2641 479 2707 luctu
497 2642 661 2726 liberavit3
683 2643 854 2706 nonenim
875 2639 931 2705 Gai
955 2638 1131 2721 saevitiam,

107 2730 163 2794 sed
186 2732 271 2814 irae,
293 2732 497 2816 propositum
520 2736 570 2796 est
592 2732 782 2797 describere:
810 2753 891 2815 quae
914 2752 981 2794 non
1002 2731 1130 2793 tantum
1184 2796 1189 2804 ,

109 2819 230 2884 viritim
261 2820 342 2885 furit
371 2820 426 2885 sed
456 2824 567 2907 gentes
598 2825 683 2886 totas
713 2821 870 2903 lancinat,
901 2819 956 2884 sed
980 2818 1075 2883 urbes
1099 2820 1131 2881 et

61 2931 89 2969 ro
108 2910 245 2974 flumina
279 2913 311 2975 et
345 2912 416 2975 tuta
450 2911 490 2974 ab
521 2912 611 2975 omni
641 2932 736 2976 sensu
762 2910 883 2974 doloris
913 2907 1130 2974 converberat.

198 2997 268 3063 XX.
303 2997 357 3064 Sic
379 3021 437 3064 rex
454 2998 625 3064 Persarum
648 3001 749 3065 totius
769 2999 883 3084 populi
902 3019 994 3063 nares
1017 2997 1132 3062 recidit
1151 3013 1165 3060 1

109 3089 143 3152 in
171 3086 278 3173 Syria,
305 3088 391 3163 unde
419 3087 640 3154 Rhinocolura
666 3090 739 3179 loco
767 3111 887 3153 nomen
914 3093 969 3153 est.
1020 3108 1132 3170 peper-

109 3179 191 3243 cisse
220 3178 314 3243 illum
345 3178 481 3263 iudicas,
511 3178 598 3262 quod
627 3201 694 3243 non
721 3181 792 3244 tota
821 3178 929 3263 capita
954 3174 1132 3260 praecidit?

199 3333 217 3388 2
231 3351 324 3402 nequa
334 3336 362 3390 A
375 3335 386 3407 Η
399 3335 434 3390 10
448 3335 599 3406 proficiant
608 3338 636 3390 A
649 3337 801 3405 proficiunt
813 3335 882 3405 volp.
890 3334 908 3458 pt
919 3333 955 3388 15
969 3348 1095 3402 spongea
1104 3335 1132 3387 A

109 3406 184 3474 (item
198 3407 277 3487 ipfae
290 3424 315 3460 v.
329 3410 376 3476 20)
391 3405 512 3490 spongia
525 3406 594 3477 volp.
611 3408 614 3473 l
636 3407 744 3461 includi
755 3408 782 3461 A
800 3407 889 3461 intere
901 3405 952 3489 udi
971 3405 1134 3474 Wesenberg

109 3475 222 3529 occludi
250 3476 334 3532 Gertz
369 3479 379 3550 14
408 3477 444 3531 26
469 3477 499 3530 1d
528 3483 571 3533 eet
595 3480 622 3534 L
649 3485 681 3533 ut
709 3479 839 3534 Muretus
865 3493 935 3533 cona.
964 3475 1047 3531 adest
1072 3474 1146 3540 Ab

110 3546 144 3602 22
164 3546 243 3601 luctu
257 3550 285 3603 A
304 3550 331 3619 (e
348 3565 405 3604 aa.
421 3549 485 3604 cdd.
501 3549 552 3620 ⁴4¹)

147 3703 149 3706 ,
162 3654 278 3698 sarasan
290 3664 376 3702 orm
386 3659 405 3700 Ι.
416 3661 435 3701 1.
446 3659 484 3703 ed.
492 3661 630 3706 Hermu.
937 3653 959 3698 Ἃ
