2438 3846
121 193 164 258 96
321 191 351 246 L.
365 191 509 247 ANNAEI
527 191 692 248 SENECAE
711 191 806 248 DIAL.
820 192 888 249 LIB.
903 193 950 249 IV.

121 336 155 400 di
187 336 400 420 immortales,
433 337 489 421 qui
520 359 581 403 nec
610 339 727 403 volunt
758 338 871 405 obesse
903 359 963 406 uec
994 344 1147 424 possunt,

121 429 237 493 natura
266 427 353 493 enim
383 426 447 492 illis
475 427 564 492 mitis
593 431 627 493 et
652 427 780 512 placida
803 432 866 512 est,
887 431 956 494 tam
978 429 1076 515 longe
1099 451 1147 494 re

86 518 211 581 amota
234 515 274 582 ab
298 515 403 582 aliena
425 517 544 581 iniuria
567 537 665 600 quam
688 540 708 581 a
730 538 796 583 sua.
843 517 1007 584 dementes
1035 518 1147 602 itaque

122 608 155 669 et
184 606 289 690 ignari
318 605 464 671 veritatis
492 605 556 670 illis
585 606 750 691 imputant
771 607 940 672 saevitiam
963 607 1074 690 maris,
1098 607 1147 671 in-

121 693 266 778 modicos
286 693 420 777 imbres,
442 694 653 778 pertinaciam
671 693 802 779 hiemis,
821 715 895 760 cum
914 696 1044 761 interim
1063 695 1147 760 nihil
1179 718 1191 759 a

122 781 239 848 horum
270 803 352 866 quae
381 782 488 848 nobie
505 787 625 849 nocent
646 775 847 868 prosuntque
871 783 911 849 ad
933 805 994 850 nos
1017 785 1147 868 proprie

122 871 295 958 derigatur.
332 893 400 938 non
422 873 509 937 enim
531 894 591 939 nos
616 894 712 939 cansa
734 873 856 939 mundo
876 894 988 939 sumus
1006 873 1147 939 hiemem

123 965 342 1045 aestatemque
364 961 537 1027 referendi:
576 983 650 1026 suas
674 963 737 1027 ista
759 963 847 1047 leges
870 962 1006 1046 habent,
1029 962 1146 1046 quibus

124 1049 233 1127 divina
269 1054 466 1116 exercentur.
520 1051 618 1115 nimis
654 1072 714 1116 nos
752 1052 959 1135 suspicimus,
996 1050 1024 1116 si
1056 1051 1148 1138 digni

123 1139 217 1205 nobis
249 1139 397 1205 videmur
426 1143 559 1224 propter
589 1160 670 1223 quos
699 1143 791 1205 tanta
819 1144 1018 1206 moveantur.
1064 1140 1148 1204 nihil
1167 1164 1193 1204 ro

124 1250 201 1315 ergo
220 1228 337 1295 horum
361 1229 395 1292 in
413 1233 558 1294 nostram
576 1228 728 1295 iniuriam
747 1229 798 1312 fit,
816 1229 916 1296 immo
934 1233 1047 1295 contm
1064 1229 1149 1294 nihil

89 1333 191 1384 enon
221 1317 261 1381 ad
291 1318 437 1384 salutem.
488 1318 645 1402 quaedam
669 1338 739 1384 esse
762 1318 903 1384 diximus
927 1339 1009 1402 quaa
1031 1321 1148 1384 nocere

124 1428 191 1472 non
220 1408 362 1491 possint,
385 1406 542 1491 quaedam
566 1428 648 1491 quae
670 1407 785 1473 nolint.
831 1408 928 1474 iniis
952 1411 1048 1472 erunt
1069 1407 1148 1474 boni

124 1495 332 1582 magistratus
365 1500 579 1580 parentesque
610 1500 649 1561 et
685 1500 910 1582 praeceptores
948 1500 981 1562 et
1016 1496 1149 1580 iudices,

126 1606 264 1669 quorum
297 1585 466 1672 castigatio
500 1586 547 1651 sic
577 1584 763 1669 accipienda
793 1590 843 1651 est
872 1584 1036 1670 quomodo
1069 1586 1149 1651 scal·
1168 1608 1194 1650 rs

124 1675 248 1760 pellum
271 1678 305 1740 et
320 1673 522 1765 abstinentia
545 1678 577 1739 et
600 1674 669 1750 alia¹
686 1696 769 1760 qnae
793 1675 965 1760 protutura
986 1678 1148 1758 torquent.

89 1763 233 1830 suffecti
255 1784 367 1829 sumus
390 1785 508 1849 poena:
538 1768 705 1830 succurrat
725 1785 793 1830 non
814 1767 944 1829 tantum
967 1763 1045 1846 quid
1068 1764 1150 1848 pati-

127 1875 233 1936 amur,
255 1853 311 1919 sed
335 1853 413 1937 quid
435 1853 621 1937 fecerimus,
643 1854 678 1918 in
701 1852 873 1919 consilium
896 1852 936 1919 de
954 1851 1022 1917 vita
1038 1854 1152 1918 nostra

127 1943 309 2026 mittamur3
330 1943 358 2007 si
376 1941 474 2008 modo
492 1963 605 2007 rerum
623 1942 687 2027 ipsi
704 1941 800 2008 nobis
819 1942 924 2008 dicere
942 1941 1152 2025 voluerimus,

127 2032 229 2116 pluris
252 2032 344 2097 litem
367 2035 512 2097 nostram
535 2030 786 2098 aestimabimus.
1170 2054 1198 2094 so

93 2154 108 2203 1
217 2136 366 2202 XXVIII.
400 2135 435 2202 Si
455 2137 606 2203 volumus
625 2137 720 2222 aequi
737 2159 846 2203 rerum
865 2138 1011 2202 omnium
1029 2136 1151 2202 iudices

129 2247 211 2316 esse,
240 2225 303 2292 hoc
333 2226 474 2310 primum
501 2226 596 2291 nobis
624 2225 888 2311 persuadeamus,
909 2225 1072 2291 neminem
1095 2247 1152 2291 no·

128 2319 232 2380 strum
262 2336 332 2381 esse
361 2314 431 2380 sine
461 2315 569 2400 culpa3
596 2314 673 2381 hine
696 2316 783 2381 enim
806 2315 948 2380 maxima
970 2314 1151 2402 indignatio

130 2405 246 2470 oritur:
295 2403 393 2468 ‘nihil
424 2403 572 2489 peccavi'
605 2408 639 2470 et
670 2403 767 2469 ‘nihil
798 2403 882 2470 feci'
936 2405 1045 2469 immo
1069 2403 1153 2467 nihil

128 2494 253 2559 fateris!
293 2492 499 2578 indignamur
517 2493 627 2577 aliqua
644 2493 864 2559 admonitione
883 2496 941 2557 aut
958 2493 1153 2558 coercitione
1170 2514 1198 2555 as

129 2604 189 2649 nos
213 2584 403 2669 castigatos,
425 2602 499 2647 cum
522 2582 579 2648 illo
603 2582 675 2668 ipso
697 2584 844 2668 tempore
862 2602 1046 2667 peccemus,
1065 2581 1152 2665 quod

94 2687 111 2736 a
131 2672 286 2737 adicimus
305 2671 484 2736 malefactis
502 2671 726 2758 adrogantiam
745 2674 779 2737 et
797 2671 1042 2737 contumaciam.
1079 2671 1152 2754 quis

131 2765 181 2826 ast
202 2762 263 2826 iste
287 2760 344 2844 qui
367 2780 401 2825 se
422 2759 594 2845 profitetur
612 2760 762 2826 omnibus
780 2759 907 2846 legibus
926 2757 1154 2825 innocentem?

130 2853 168 2915 ut
189 2850 252 2916 hoe
275 2850 322 2914 ita
344 2848 401 2932 sit,
424 2869 521 2932 quam
544 2852 682 2936 angusta
704 2848 889 2915 innocentia
912 2852 961 2914 est
984 2849 1024 2913 ad
1046 2849 1152 2935 legem

222 3059 237 3114 7
264 3058 405 3130 dirigatur
427 3060 453 3114 L
477 3067 510 3115 ut
532 3061 601 3132 sely.
627 3059 794 3130 deriguntur
813 3060 842 3115 A
857 3058 920 3184 (pst
939 3060 1036 3129 <ri>
1056 3059 1154 3114 divina

132 3131 265 3202 Madvig·
285 3132 374 3202 magis
392 3131 486 3200 placet
503 3131 576 3201 qaod
597 3131 678 3186 Gertz
691 3132 839 3201 proposuit

131 3203 179 3258 scd
201 3202 267 3268 sort.
289 3202 334 3257 hie
356 3218 461 3304 paeone
479 3202 581 3258 Seneca
600 3203 787 3275 neglegentius
803 3203 915 3271 scripsit
937 3202 948 3276 ll
972 3201 1007 3257 11
1032 3218 1099 3273 ergo
1122 3205 1155 3257 ia

131 3289 187 3328 raa.
206 3273 256 3340 Al,
275 3289 309 3328 ex
326 3273 354 3328 A
385 3275 525 3343 scripturo
542 3280 652 3329 tostam
669 3288 685 3328 e
702 3279 788 3330 restet
815 3274 818 3345 l
842 3280 908 3342 post
929 3275 1028 3333 eontra
1049 3275 1082 3328 in
1099 3275 1155 3341 fiae

132 3361 226 3400 versos
252 3345 350 3400 vocula
374 3361 455 3401 “aaa
479 3352 531 3413 cst,
557 3362 626 3415 quoe
650 3345 725 3400 lineo
747 3344 892 3414 perforato
914 3351 974 3400 erat
999 3343 1009 3417 Η
1035 3343 1072 3400 18
1090 3351 1155 3414 poet

124 3416 243 3481 possint
263 3415 345 3471 Gertz
362 3416 427 3482 fert.
445 3423 516 3472 reete
535 3418 601 3471 sunt
618 3416 683 3472 odd.
712 3416 716 3488 Ι
742 3414 846 3471 nollint
863 3415 914 3483 A¹,
933 3417 1015 3486 prior
1032 3415 1155 3486 lpostea

113 3497 201 3562 egaea
217 3491 263 3538 eet
277 3485 289 3555 f
304 3487 345 3540 iis
358 3488 387 3542 A
406 3487 454 3544 his
472 3489 542 3561 oolg.
561 3487 571 3563 Η
588 3486 626 3543 24
638 3487 740 3542 oritur:
758 3485 832 3541 nihil
843 3487 943 3556 interp.
960 3487 1043 3543 Gesta
1056 3487 1153 3543 oritur.

95 3545 190 3602 thrl
204 3554 278 3624 oola
295 3555 315 3628 A
331 3557 374 3617 213
391 3556 472 3631 quod
488 3563 555 3620 AL
575 3576 633 3632 quo
651 3559 724 3632 eote.
741 3561 873 3629 tompore
889 3557 944 3613 det.
956 3558 1051 3612 flesse

878 3129 954 3185 'vina
973 3130 1152 3200 <omnia>;
