2438 3846
94 159 162 224 360
281 155 311 211 L.
326 153 470 209 ANNAEI
487 153 653 212 SENECAE
671 153 768 210 man.
782 154 851 209 LIB.
865 153 925 209 XlL

95 301 123 367 si
145 300 296 367 ultimum
319 300 404 366 diem
425 322 493 365 non
516 300 608 384 quasi
626 322 780 386 poenam,
801 300 858 367 sed
876 299 970 385 quasi
987 304 1121 366 naturas

93 391 200 477 legem
227 389 360 474 aspicis,
388 411 428 456 ex
455 411 521 473 quo
543 393 674 474 pectore
697 394 821 456 metum
843 389 958 455 mortis
981 390 1121 474 eieceris,

59 480 130 546 ein
151 479 185 546 id
207 479 330 545 nullius
352 479 400 545 rei
422 478 521 544 timor
543 479 675 545 audebit
697 479 832 563 intiar03
854 479 882 545 si
905 479 1030 566 cogitas
1049 480 1122 545 libi·

95 568 202 635 dinem
224 591 293 634 non
314 568 491 653 voluptatis
515 589 612 635 causa
633 569 759 634 homini
781 569 905 654 datam,
923 568 983 648 sed
1006 590 1122 654 propa·

94 657 193 745 gaudi
222 658 363 744 generis,
394 679 490 742 quem
519 680 587 723 non
613 657 785 725 violaverit
811 657 875 724 hoc
902 662 1062 724 secretum
1089 662 1123 724 et
1153 677 1164 717 ⁵

95 747 231 812 infixum
258 746 435 812 visceribus
463 747 544 831 ipsis
567 746 719 830 exitium,
745 746 851 812 omnis
873 746 938 812 alia
960 746 1122 832 cupiditas

94 836 253 902 intactum
280 837 475 921 praeteribit.
520 858 589 901 non
616 836 745 923 singula
771 835 851 902 vitia
876 837 961 901 ratio
988 835 1045 902 sed
1067 859 1124 921 pa·

60 925 173 992 criter
203 927 312 991 omnia
341 925 531 1010 prosternite
561 926 596 990 in
625 925 812 990 universum
843 925 942 992 semel
971 925 1122 992 vincitur.

96 1015 275 1101 ignominia
292 1018 328 1079 tu
347 1019 443 1099 putas
462 1035 658 1099 quemquam
677 1015 856 1099 sapientem
876 1015 999 1080 moveri
1017 1038 1125 1100 posse,

95 1104 153 1189 qui
183 1105 292 1169 omnia
321 1104 356 1168 in
386 1126 420 1170 se
449 1105 609 1188 reposuit,
640 1104 697 1188 qui
726 1104 767 1171 ab
795 1103 1004 1188 opinionibus
1032 1105 1125 1191 volgi
1142 1125 1167 1164 ro

96 1193 249 1259 secessit?
293 1193 368 1277 plus
396 1192 494 1257 etiam
522 1214 619 1276 quam
646 1192 826 1279 ignominia
849 1196 899 1259 est
921 1214 1008 1259 mors
1031 1193 1124 1280 igno·

94 1282 246 1348 miniosa:
270 1279 419 1347 Socrates
437 1285 547 1347 tamen
566 1282 679 1348 eodem
698 1283 757 1347 illo
775 1283 884 1367 voltu,
902 1303 967 1367 quo
986 1282 1124 1369 triginta

95 1376 251 1456 tyrannos
282 1370 370 1437 solus
402 1371 576 1455 aliquando
607 1373 641 1436 in
672 1372 818 1437 ordinem
845 1372 1026 1457 redegerat,
1056 1393 1125 1437 car·

96 1482 199 1526 cerem
221 1460 355 1525 intravit
373 1459 585 1546 ignominiam
603 1461 668 1545 ipsi
686 1461 760 1526 loco
779 1459 996 1544 detracturum
1017 1482 1124 1545 neque

60 1550 181 1616 cenim
205 1552 333 1634 potarat
355 1571 465 1615 carcer
486 1549 588 1613 videri
611 1550 646 1614 in
670 1572 734 1634 quo
753 1547 902 1616 Socrates
925 1553 1003 1614 erat.
1050 1551 1125 1634 quis
1143 1570 1168 1611 ra

96 1660 198 1724 usque
229 1660 267 1704 eo
294 1638 347 1725 ad,
363 1638 624 1723 conspiciendam
652 1639 821 1704 veritatem
849 1642 1037 1705 excaecatus
1065 1643 1125 1722 est,

96 1731 134 1793 ut
156 1727 369 1815 ignominiam
392 1731 485 1812 putet
503 1726 605 1793 Marci
625 1725 755 1793 Catonis
779 1729 879 1794 fuisse
903 1725 1066 1812 duplicem
1088 1727 1125 1793 in

96 1817 253 1902 petitione
275 1820 444 1901 praeturae
462 1820 495 1882 et
514 1817 701 1882 consulatus
719 1815 904 1901 repulsam?
943 1817 1125 1904 ignominia

96 1906 154 1971 illa
185 1908 355 1991 praeturae
385 1910 418 1971 et
450 1906 638 1973 consulatus
671 1906 747 1990 filit,
780 1906 897 1991 quibus
930 1928 970 1970 ex
1003 1903 1124 1972 Catone

62 1994 202 2061 ebonor
230 1995 416 2060 habebatur.
463 2017 558 2060 nemo
588 1995 642 2059 ab·
659 1995 724 2060 alio
752 1995 983 2079 contemnitur,
1012 1994 1078 2060 nisi
1105 2015 1169 2061 aro

98 2106 131 2150 se
160 2087 234 2149 ante
262 2087 467 2168 contemptus
495 2087 553 2149 est.
598 2083 731 2149 humilis
755 2088 787 2149 et
809 2084 972 2169 proiectus
996 2084 1123 2149 animus

98 2174 141 2239 sit
177 2173 231 2239 isti
268 2173 482 2239 contumeliae
514 2177 732 2258 opportunus3
768 2175 825 2258 qui
861 2194 937 2239 vero
971 2172 1124 2239 adversus

99 2262 302 2328 saevissimos
331 2283 424 2330 casus
452 2284 486 2328 se
514 2263 643 2328 extollit
670 2266 702 2328 et
730 2285 767 2327 ea
794 2263 894 2346 mala,
922 2262 1040 2347 quibus
1068 2261 1125 2327 alii

99 2352 339 2437 opprimuntur,
376 2353 506 2436 evertit,
540 2352 628 2437 ipsas
666 2352 810 2418 miserias
842 2351 1018 2417 infularum
1049 2352 1124 2417 loco

98 2441 209 2525 habet,
236 2441 365 2526 quando
389 2443 435 2506 ita
457 2441 577 2506 adfecti
599 2463 725 2524 sumus,
746 2445 785 2506 ut
806 2441 890 2507 nihil
912 2463 1014 2525 aeque
1036 2461 1125 2526 mag·
1143 2459 1169 2500 se

98 2552 174 2595 nam
201 2533 282 2615 aput
304 2552 363 2595 nos
387 2529 634 2596 admirationem
658 2534 796 2614 occupet
819 2542 920 2614 quam
937 2530 1037 2595 homo
1060 2529 1125 2594 for·

64 2619 176 2709 stiter
193 2620 298 2685 miser.
336 2619 512 2684 ducebatur
529 2617 667 2684 Athenis
687 2618 727 2684 ad
746 2619 942 2702 supplicium
956 2616 1124 2702 Aristides,

36 2716 41 2741 ²
99 2709 153 2774 cui
171 2708 318 2793 quisquis
337 2711 521 2775 occurrerat
534 2708 693 2783 deiciebat
706 2708 818 2773 oculos
833 2711 865 2772 et
878 2707 1126 2794 ingemescebat,

98 2819 166 2864 non
199 2801 366 2882 tamquam
396 2798 432 2863 in
460 2797 626 2862 hominem
656 2797 778 2862 iustum
808 2796 864 2862 sed
893 2800 1061 2882 tamquam
1090 2797 1126 2862 in

99 2886 203 2970 ipsam
231 2887 389 2952 iustitiam
413 2886 733 2969 animadverteretur3
760 2887 911 2951 inventus
935 2889 1125 2969 esttamen,
1144 2905 1171 2945 eo

100 2975 157 3060 qui
180 2975 353 3049 infaciem
376 2975 445 3040 eius
469 2975 642 3058 inspueret.
687 2977 816 3059 poterat
839 2974 881 3039 ob
903 2974 968 3040 hoc
990 2975 1126 3039 moleste

99 3063 198 3148 ferre,
231 3064 318 3149 quod
352 3063 474 3130 sciebat
503 3063 664 3128 neminem
694 3063 727 3127 id
757 3084 911 3128 ausurum
933 3064 1016 3148 'puri
1047 3063 1126 3147 oris3

189 3238 208 3294 8
225 3239 350 3294 uincitur
364 3240 392 3295 A
409 3238 498 3294 vincit
516 3238 648 3294 editiones
664 3240 767 3294 multae
788 3238 799 3311 ll
823 3237 860 3293 ls
882 3237 1021 3308 petitione
1034 3237 1077 3293 A¹
1094 3244 1127 3294 ct

100 3309 166 3377 oid„
180 3310 282 3366 lineola
295 3316 392 3380 postca
406 3326 487 3377 caea
500 3315 539 3365 cst
552 3309 562 3382 Η
580 3308 616 3364 lt)
630 3308 791 3368 consolatus
805 3309 847 3365 A¹
860 3325 930 3365 corr.
944 3326 1019 3372 moa.
1032 3309 1127 3380 1-211
1159 3348 1162 3352 -

101 3380 137 3435 20
155 3382 365 3450 contempnitur
378 3382 406 3436 A
428 3381 438 3454 Η
462 3379 499 3434 22
519 3381 557 3435 sit
570 3380 598 3436 A
617 3383 661 3435 est
681 3379 763 3436 Gertz
783 3380 787 3452 l
810 3378 982 3435 contumelia
996 3379 1039 3434 A²
1056 3393 1126 3436 corr.

98 3451 144 3506 A’
156 3452 171 3524 l)
187 3452 224 3508 28
243 3452 293 3508 alii
311 3469 380 3509 cerr.
395 3469 430 3508 ca
449 3450 488 3506 ali
505 3451 569 3519 fort.
585 3450 628 3506 A²
644 3450 655 3524 ll
671 3450 707 3506 27
721 3451 862 3508 Aristides
876 3452 904 3507 A
922 3467 1027 3508 masec
1046 3451 1127 3507 Scae-

83 3537 150 3575 eam
168 3523 391 3596 marthanos:
408 3523 528 3582 scribere
545 3523 640 3581 debuit
656 3521 784 3580 Phocion
