2438 3846
92 157 143 212 AI)
162 155 333 213 HELVIAM
350 156 511 211 Massam
528 155 579 211 DE
599 154 879 212 CONSOLATIONE
900 155 1012 214 CARI}
1054 161 1119 228 345

91 302 241 369 suasione
272 303 412 387 quadam
442 306 475 368 et
504 324 664 369 consensu
694 303 758 369 iam
787 303 931 389 asperius
959 303 1000 369 ad
1028 326 1120 371 aures

91 393 181 459 venit
199 396 232 458 et
250 393 410 458 audientis
429 396 595 477 tamquam
614 393 707 459 triste
726 397 759 458 et
773 394 950 460 execrabile
964 394 1052 460 ferit:
1075 394 1122 461 ita

91 483 178 548 enim
201 484 342 569 populus
366 483 474 567 iussit3
502 483 558 548 ssd
581 482 697 568 populi
721 482 802 549 scita
825 505 866 548 ex
887 506 1007 571 magna
1028 489 1120 570 parte

91 571 253 657 sapientes
278 573 445 659 abrogant.

58 685 72 728 s
180 659 237 727 Vl
273 660 413 726 Remoto
446 683 524 748 ergo
551 660 676 752 ,iudicio
710 661 868 745 plurium,
901 684 982 746 quos
1014 663 1154 748 primar

89 773 197 823 rerum
216 751 353 836 species,
376 755 554 836 utcumque
573 750 695 816 eredita
714 756 776 835 est,
800 752 921 836 aufert,
938 752 1119 838 rideamus,

90 839 169 925 quid
196 841 240 905 sit
269 841 412 906 exilium.
457 862 572 926 nempe
595 840 661 906 loci
684 842 904 907 commutatio.
950 865 992 906 ne
1020 865 1120 930 angu-

90 934 175 996 stare
206 930 318 995 videar
348 930 416 995 vim
449 931 518 996 eius
550 933 584 994 et
616 929 775 1014 quidquid
807 931 985 1014 pessimum
1017 931 1052 997 in
1085 955 1119 998 se

88 1017 187 1085 habet
210 1019 412 1104 subtrahere,
435 1020 520 1085 hanc
543 1021 832 1085 commutationem
854 1020 920 1086 loci
938 1025 1120 1105 sequuntur

43 1134 72 1175 1o
89 1108 308 1175 incommoda:
349 1112 536 1194 paupertas,
573 1109 768 1195 ignominia,
804 1113 1018 1194 contemptus.
1065 1112 1119 1177 ad·

88 1219 200 1263 versus
232 1199 297 1264 ista
327 1202 441 1284 postea
472 1198 661 1284 confligam3
698 1199 829 1264 interim
861 1200 1003 1284 primum
1035 1200 1131 1266 illud·

88 1287 208 1353 intueri
230 1289 321 1372 volo,
345 1289 423 1373 quid
447 1287 554 1354 acerbi
576 1288 701 1353 adferat
723 1289 795 1373 ipsa
812 1289 878 1354 loci
897 1291 1116 1355 commutatio.

179 1375 312 1442 ‘Carere
348 1376 454 1463 patria
487 1378 691 1443 intolerabile
723 1376 793 1442 est'
839 1379 947 1464 aspice
979 1379 1152 1466 ageduma

87 1465 172 1532 hanc
194 1466 425 1550 frequentiam,
452 1468 506 1532 eui
528 1465 584 1532 vix
605 1467 696 1532 urbis
719 1467 896 1533 immensae
918 1472 1005 1536 tecta
1028 1468 1117 1535 suffi-

42 1579 70 1623 ιι
87 1556 192 1621 ciunt:
215 1557 357 1621 maxima
379 1576 457 1641 pars
478 1556 573 1621 istius
596 1556 711 1622 turbae
734 1557 840 1641 patria
858 1561 952 1624 caret.
991 1581 1030 1623 ex
1048 1581 1117 1624 mu-

86 1644 216 1730 nicipiis
249 1649 282 1711 et
314 1646 451 1713 coloniis
484 1647 564 1731 suis,
597 1668 637 1711 ex
668 1649 739 1712 toto
773 1646 912 1731 denique
946 1649 1022 1713 orbe
1042 1652 1116 1714 ‘ter-

86 1757 196 1801 rarum
223 1735 464 1802 confluxerunt:
497 1735 578 1802 alios
607 1735 742 1801 adduxit
769 1737 921 1820 ambitio,
952 1737 1034 1803 alios
1061 1760 1116 1803 ne·

87 1825 220 1891 cessitas
259 1825 360 1891 officii
397 1825 534 1911 publici,
572 1826 653 1891 alios
686 1825 830 1910 inposita
861 1826 996 1913 legatio,
1033 1827 1114 1893 alios

84 1914 215 1979 luxuria
234 1919 454 2000 opportunum
473 1918 506 1979 et
520 1915 813 1999 opulentumvitiis
826 1916 936 1981 locum
950 1939 1115 2002 quaerens,

39 2028 68 2069 so
85 2003 167 2069 alios
194 2004 379 2069 liberalium
402 2004 584 2069 studiorum
608 2004 783 2089 cupiditas,
811 2005 893 2070 alios
917 2007 1114 2091 spectacula3

86 2092 244 2176 quosdam
280 2093 381 2158 traxit
418 2093 574 2178 amicitia,
616 2092 774 2177 quosdam
811 2095 971 2160 industria
1007 2096 1114 2161 laxam

86 2181 302 2247 ostendendae
324 2183 439 2248 virtuti
454 2186 579 2266 ,nancta
601 2182 784 2267 materiam
812 2184 944 2268 quidam
967 2186 1114 2250 venalem

84 2271 224 2336 formam
252 2273 444 2355 attulerunt,
477 2273 610 2356 quidam
638 2273 784 2337 venalem
813 2273 1032 2358 eloquentiam
1056 2296 1113 2339 -ε

83 2361 213 2426 nullum
240 2383 307 2426 non
333 2361 503 2427 hominum
531 2383 635 2448 genus
659 2363 864 2427 concucurrit
887 2363 922 2427 in
944 2364 1057 2429 urbem
1081 2368 1148 2432 eta

39 2471 67 2515 ss
84 2450 261 2516 virtutibus
285 2455 318 2516 et
340 2452 429 2516 vitiis
447 2472 567 2537 magna
585 2450 690 2535 pretia
707 2455 892 2534 ponentem.
938 2453 1013 2518 iube
1031 2454 1112 2518 istos

84 2560 197 2605 omnes
226 2539 267 2604 ad
296 2561 416 2605 nomen
446 2541 539 2606 citari
569 2543 603 2604 et
633 2538 733 2628 ‘unde
763 2539 875 2606 domo'
906 2542 1043 2627 quisque
1070 2543 1113 2608 sit

82 2634 215 2711 quaere:
237 2627 361 2694 videbis
385 2630 541 2694 maiorem
563 2631 690 2714 partem
714 2650 796 2713 esse,
819 2651 902 2713 quae
924 2631 1046 2697 relictis
1065 2652 1112 2696 se-

84 2715 179 2781 dibus
207 2716 276 2782 suis
303 2718 430 2784 venerit
456 2718 491 2782 in
518 2718 695 2784 maximam
720 2718 849 2802 quidem
874 2740 912 2784 ac
934 2720 1111 2803 pulcherri-

83 2826 171 2870 mam
193 2806 320 2890 urbem,
342 2829 410 2872 non
432 2811 542 2872 temen
565 2820 677 2873 suam
704 2806 817 2872 deinde
841 2808 881 2872 ab
899 2807 962 2874 hae
980 2809 1146 2878 civitate4

38 2916 65 2959 so
83 2893 226 2975 discede,
244 2916 326 2980 quae
344 2896 447 2961 veluti
465 2897 646 2963 eommunis
665 2899 774 2981 potest
793 2896 872 2981 dici,
890 2919 1001 2967 omnes
1015 2897 1110 2963 urbes

22 3033 24 3039 r
83 2983 232 3049 circumit
259 2985 351 3049 nulla
377 3006 444 3049 non
466 3007 619 3071 magnam
641 2989 768 3070 partem
790 2986 979 3073 peregrinae
1002 2987 1110 3053 multi-

82 3072 205 3137 tudinis
232 3071 338 3138 habet.
384 3074 487 3138 transi
515 3074 554 3138 ab
583 3074 637 3156 iis,
666 3095 803 3158 quarum
831 3097 967 3141 amoena
989 3076 1109 3161 positio

82 3162 116 3226 et
139 3163 367 3246 opportunitas
390 3163 532 3248 regionis
555 3162 666 3246 plures
690 3162 815 3246 adh'cit3
839 3164 965 3230 deserta
986 3165 1059 3230 loca
1077 3168 1109 3229 et

174 3318 189 3373 7
204 3319 433 3375 commutatione.
453 3319 606 3389 angustare
616 3318 645 3373 A
659 3336 727 3374 corr.
736 3319 851 3376 Fickert
862 3321 873 3394 Ν
885 3320 1086 3388 uaequnturn
1099 3320 1109 3394 Η

81 3387 118 3444 26
136 3389 225 3446 ‘unde
244 3391 352 3458 domo'⁸
363 3409 398 3448 en
418 3391 555 3448 communi
573 3390 696 3458 formala
717 3393 767 3459 cfr.
783 3392 859 3464 Verp.
877 3394 947 3449 Aac.
965 3393 1042 3448 VIII
1057 3398 1108 3448 114

81 3462 153 3519 Hor.
174 3464 251 3533 optat.
273 3465 294 3520 1
314 3469 340 3533 7,
354 3469 390 3520 53
413 3463 423 3536 Η
446 3462 482 3518 81
507 3462 625 3518 circumi
643 3464 712 3535 volp.
733 3463 821 3519 circui
839 3477 857 3519 a
877 3465 954 3520 circu
967 3465 996 3520 A
1014 3465 1064 3533 cfr.
1084 3481 1106 3521 c.

81 3537 139 3602 7,6
156 3534 225 3609 ΜΗ
242 3535 278 3590 88
297 3535 389 3591 allicit
402 3535 446 3592 Αὗ
462 3537 495 3592 ic
512 3552 569 3594 ras.
588 3535 689 3590 edile&
706 3535 745 3591 Αἱ
763 3542 797 3591 ut
813 3536 874 3590 aa.
