2438 3846
141 178 207 246 342
332 136 971 233 a.rrsmn1snrmcrnomn.ars.xn
1074 145 1077 149 ’

140 321 240 389 hebet
268 321 403 387 adsidua
431 321 604 387 infelicitas
633 321 771 406 bonum,
803 321 891 404 quod
923 341 1005 405 quos
1037 343 1167 407 semper

105 429 122 476 4
140 415 250 495 vexat,
270 411 446 477 novissime
468 410 606 476 indurat.
651 411 775 475 nnllam
797 410 859 476 tibi
875 408 1008 476 fortuna
1024 412 1166 478 vacatio

139 523 214 567 nem
243 499 331 565 dedit
358 523 378 565 a
400 501 599 586 gravissimis
621 500 778 584 luctibus3
804 521 846 565 ne
868 500 1010 566 natalem
1034 501 1166 586 quidem

140 593 234 655 tuum
271 590 410 674 excepit:
452 590 589 655 amisisti
626 592 763 654 matrem
794 589 906 654 statim
937 592 1028 673 nata,
1064 592 1165 656 immo

141 679 218 744 dum
245 679 401 763 nasceris,
428 678 528 745 etad
555 679 656 744 vitam
684 676 923 762 quodammodo
938 680 1101 764 exposita
1124 701 1165 746 es.
1192 698 1203 740 s

141 768 271 833 crevisti
298 769 359 833 sub
382 789 533 834 noverca:
562 789 660 852 quam
681 770 719 833 tu
742 766 873 851 quidem
897 769 987 832 omni
1009 767 1166 854 obsequio

141 859 174 923 et
196 857 330 942 pietate,
355 861 475 941 quanta
497 857 551 923 rel
572 858 608 921 in
630 856 699 922 filia
722 857 867 941 conspici
884 859 1007 942 potest,
1030 861 1167 924 matrem

141 946 212 1011 fieri
241 948 391 1033 coegisti3
418 946 501 1011 nulli
528 949 637 1012 tamen
663 967 732 1011 non
753 966 872 1032 magno
896 946 1046 1012 constitit
1068 948 1167 1013 etiam

140 1036 228 1101 bona
249 1058 396 1102 noverca.
437 1037 633 1101 avonculum
651 1034 983 1120 indulgentissimum,
1005 1037 1167 1122 optimum

142 1145 180 1191 ac
202 1124 416 1191 fortissimum
439 1124 560 1206 vnum,
583 1146 658 1190 cum
681 1124 856 1190 adventum
880 1124 949 1190 eius
973 1129 1167 1211 expectares,
1184 1143 1205 1183 ιο

142 1214 292 1298 amisisti,
321 1217 354 1280 et
375 1235 416 1278 ne
439 1214 607 1279 saevitiam
630 1235 723 1279 suam
745 1213 877 1279 fortuna
897 1212 1054 1279 leviorem
1077 1214 1168 1280 didu-

143 1303 244 1370 cendo
271 1304 404 1385 faceret,
432 1303 518 1367 intra
544 1303 766 1368 tricensimum
789 1302 874 1368 diem
897 1304 1101 1370 carissimum
1124 1303 1168 1369 vi-

142 1415 228 1477 rum,
261 1414 301 1457 ex
331 1413 396 1476 quo
426 1395 529 1457 mater
557 1392 657 1457 trium
686 1392 863 1457 liberorum
893 1414 977 1477 eras,
1002 1392 1168 1460 extulisti:

108 1482 269 1568 olugenti
296 1481 358 1546 tibi
384 1481 492 1547 luctus
519 1481 687 1548 nuntiatus
716 1485 765 1546 est
788 1481 937 1546 omnibus
961 1480 1093 1567 quidem
1116 1483 1168 1548 alr

143 1571 287 1638 sentibus
309 1570 434 1655 liberis,
465 1571 557 1654 quasi
585 1570 624 1636 de
647 1570 807 1636 industria
829 1570 864 1634 in
886 1570 920 1634 id
942 1574 1071 1656 tempus
1095 1586 1206 1638 con-1⁵

143 1660 234 1726 iectis
258 1661 352 1726 malis
375 1659 455 1744 tuis,
478 1664 515 1726 ut
537 1660 621 1725 nihil
644 1663 728 1726 esset
746 1657 926 1745 [haberes],
947 1660 1005 1726 ubi
1020 1674 1057 1726 se
1076 1659 1170 1727 dolor

70 1791 72 1796 ·
142 1754 218 1815 tuus
241 1749 420 1816 reclinaret.
466 1753 594 1815 transeo
617 1752 668 1814 tot
691 1750 848 1834 pericula,
871 1751 922 1815 tot
945 1752 1066 1835 metus,
1088 1771 1169 1836 quos

144 1841 213 1906 sine
237 1840 408 1905 intervallo
431 1838 466 1903 in
488 1843 520 1904 te
543 1839 737 1904 incursantis
757 1837 933 1923 pertulisti:
956 1838 1054 1904 modo
1072 1839 1170 1906 modo

144 1930 180 1995 in
202 1928 338 1995 eundem
362 1929 483 2012 sinum,
511 1951 551 1993 ex
574 1949 639 2013 quo
662 1931 727 1994 tres
750 1931 885 2014 nepotes
909 1929 1074 2013 emiseras,
1098 1951 1171 1996 ossa

143 2018 243 2083 trium
265 2023 422 2103 nepotum
443 2018 608 2102 recepisti3
631 2018 716 2082 intra
738 2017 928 2083 vicesimum
951 2017 1049 2102 diem,
1074 2037 1171 2102 quam
1186 2034 1208 2076 ²⁰

144 2107 249 2172 filium
277 2130 384 2173 meum
412 2108 447 2171 in
473 2107 622 2172 manibus
651 2110 683 2171 et
711 2107 746 2170 in
773 2106 893 2173 osculis
916 2106 982 2173 tuis
1005 2110 1172 2172 mortuum

144 2197 362 2282 funeraveras,
392 2197 522 2280 raptum
553 2218 604 2261 me
634 2195 768 2261 audisti:
797 2197 861 2261 hoe
890 2195 995 2261 adhuc
1025 2194 1172 2262 defuerat

144 2284 218 2370 tibi,
240 2286 352 2373 lugere
374 2286 475 2352 rivos.

110 2384 124 2434 1
233 2373 290 2441 HI.
327 2375 560 2442 Gravissimum
588 2378 699 2440 estex
723 2375 885 2460 omnibus,
913 2395 994 2459 quae
1017 2395 1172 2459 umquam

144 2464 180 2529 in
209 2486 326 2550 corpus
357 2468 450 2531 tuum
478 2464 723 2547 descenderunt,
752 2486 863 2530 recens
893 2463 1026 2549 vulnus,
1054 2463 1173 2548 iateor3
1187 2476 1209 2520 ’ὅ

144 2575 212 2619 non
240 2576 398 2620 summam
428 2557 534 2620 cutem
557 2554 661 2638 rupit,
688 2555 801 2638 pectus
830 2556 863 2618 et
884 2553 1009 2618 viscera
1030 2551 1104 2638 ipsa
1128 2551 1173 2617 ‹li-

145 2642 230 2708 visit.
277 2643 333 2709 sed
362 2642 633 2727 quemadmodum
655 2641 778 2707 tirones
800 2642 917 2708 leviter
939 2641 1041 2708 saucii
1063 2643 1188 2708 tamen

146 2731 365 2798 vociferantur
389 2735 421 2796 et
443 2753 557 2797 manus
581 2730 780 2796 medicorum
803 2731 907 2817 magis
931 2751 1028 2816 quam
1050 2729 1173 2797 sermm

145 2821 291 2905 horrent,
324 2823 358 2885 at
389 2821 545 2904 veterani,
578 2819 725 2903 quamvis
758 2819 915 2905 confossi,
947 2819 1108 2906 patienter
1136 2839 1173 2886 ac

146 2910 215 2975 sine
243 2910 367 2997 gemitu
394 2909 483 2974 velut
510 2909 615 2974 aliena
642 2929 780 2993 corpora
806 2908 966 2974 exsaniari
995 2908 1209 2994 patiensme

235 3065 254 3120 c
272 3066 353 3122 dedit
367 3081 385 3120 a
398 3080 476 3137 grav.
490 3065 523 3134 1.;
539 3081 576 3119 ne
588 3056 658 3135 volp.
673 3071 737 3120 onte
751 3065 912 3121 Fickertcm
931 3063 1018 3120 dedit.
1047 3065 1077 3118 et
1095 3079 1173 3136 grav.

146 3135 165 3189 1.
179 3151 216 3191 ne
230 3136 258 3191 A
275 3139 284 3202 il
303 3135 322 3191 4
335 3136 421 3193 immo
436 3137 505 3191 dum
517 3136 588 3207 ootp.
604 3135 752 3190 inmodum
765 3134 809 3190 A¹
820 3151 895 3192 corr.¹
905 3136 938 3193 ia
955 3137 1013 3191 imo
1027 3133 1096 3190 dum
1109 3134 1154 3192 A·
1164 3134 1176 3208 ΙΙ

146 3206 306 3263 inesceris
326 3207 369 3264 A¹
386 3207 459 3279 quod
480 3209 599 3263 mutavit
619 3208 731 3278 oirpsrta
753 3206 884 3277 imposita
903 3208 965 3262 alio
981 3222 1055 3263 mcc.
1074 3207 1107 3263 ta
1125 3222 1175 3262 aa·
1198 3237 1201 3244 ·

147 3277 263 3335 scereris
299 3279 302 3350 l
336 3278 351 3336 7
383 3278 510 3350 conspici
534 3279 563 3334 A
594 3271 668 3349 quod
696 3283 767 3334 recte
796 3278 920 3348 defendit
949 3277 1031 3335 Gesta
1063 3277 1176 3350 concipi

151 3351 266 3408 Meo
287 3350 291 3424 1
323 3350 342 3407 t
365 3351 538 3407 auunculum
556 3352 585 3407 A
610 3353 640 3421 (u
658 3351 782 3422 primam
799 3366 835 3406 ec
852 3367 869 3406 o
887 3366 957 3408 corr.
975 3351 1009 3406 ie
1024 3365 1081 3407 rcs.
1095 3349 1176 3435 Ati

305 3421 357 3478 ubi
374 3425 443 3496 cotp.
463 3425 537 3480 esset
555 3419 682 3496 heberels
696 3419 748 3477 ubi
761 3423 790 3477 A
808 3424 887 3493 (crus.
907 3421 960 3508 slss
978 3421 1015 3478 8⁰
1032 3422 1176 3479 emunim

325 3493 439 3569 Weiss
456 3494 597 3571 exsatiari
612 3495 641 3551 A
659 3494 785 3550 exsecari
803 3510 838 3551 es
859 3493 1004 3551 ‘Picenae'
1018 3498 1107 3552 cetere
1124 3494 1174 3552 tsc-
