2438 3846
69 156 72 162 ⁴
127 163 193 230 234
312 159 499 215 nemnem
518 157 683 214 SENECAE
702 156 967 214 DIAL.L1B.VHI.

127 307 167 373 ad
200 307 280 372 alios
313 310 402 373 actus
427 305 451 389 †
479 305 604 370 animos
633 305 751 370 referre
780 303 942 390 virginum
967 302 1149 372 Vestalium

127 418 230 481 more,
262 419 344 482 quae
373 395 466 462 annis
494 396 579 460 inter
608 394 717 461 officia
746 393 856 458 divisis
887 393 1015 459 discunt
1043 395 1150 463 facere

127 508 218 552 sacra
240 491 273 551 et
295 508 368 551 cum
393 485 573 551 didicerunt
596 484 720 551 docent.

92 612 106 660 1
215 591 271 658 ΠΙ.
309 591 391 680 [30]
423 591 497 657 Hoc
520 589 638 657 Stoicis
666 613 794 677 quoque
822 592 949 675 placere
972 593 1150 677 ostendam,

127 704 193 747 non
230 683 306 767 quia
342 681 423 747 mihi
458 681 563 767 legem
599 681 734 747 dixerim
766 681 850 746 nihil
882 685 993 746 contra
1025 682 1149 748 dictum
1178 704 1189 743 a

126 770 266 837 Zenonis
304 769 517 856 Chrysippive
549 771 762 853 committere,
800 770 855 835 sed
888 770 964 854 quia
994 792 1046 836 res
1079 772 1150 856 ipsa

127 861 250 944 patitur
272 883 324 925 me
346 861 393 926 ire
416 861 451 925 in
473 860 603 925 illorum
627 860 832 942 sententiam,
855 859 1008 942 quoniam
1029 860 1148 946 siquis

127 972 253 1034 semper
282 949 377 1014 unius
409 950 568 1034 sequitur,
596 971 663 1014 non
691 949 726 1012 in
755 949 844 1014 curia
872 949 927 1013 sed
950 948 985 1013 in
1007 949 1149 1016 factione

126 1043 183 1104 est.
220 1038 345 1103 utinam
369 1039 499 1124 quidem
519 1039 583 1103 iam
602 1042 788 1103 tenerentur
806 1039 914 1104 omnia
933 1041 966 1102 et
983 1039 1018 1102 in
1036 1045 1148 1124 aperto

127 1129 274 1194 confessa
295 1129 414 1194 veritas
438 1132 523 1194 esset
544 1127 692 1212 nihilque
715 1150 754 1193 ex
777 1126 912 1193 decretis
936 1131 1149 1195 mutaremus!
1166 1151 1190 1189 rc

126 1239 213 1282 nunc
243 1218 411 1284 veritatem
441 1240 515 1284 cum
545 1217 591 1282 eis
621 1217 700 1302 ipsis
729 1217 785 1300 qui
812 1217 928 1283 docent
956 1218 1148 1301 quaerimus.

90 1307 207 1373 eduae
231 1307 370 1373 maxime
394 1310 426 1373 et
448 1308 483 1371 in
505 1307 567 1372 hac
589 1329 623 1371 re
648 1307 805 1372 dissident
828 1312 946 1392 aeetae,
973 1306 1148 1391 Epicureo·

126 1419 199 1460 rum-
213 1400 245 1461 et
255 1394 448 1479 Stoicorum,
461 1395 517 1461 sed
531 1401 668 1480 utraque
677 1395 718 1460 ad
728 1397 831 1461 otium
842 1396 967 1462 diversa
976 1396 1029 1461 via
1038 1397 1148 1462 mittit

125 1484 286 1568 Epicurus
314 1485 373 1550 ait:
401 1485 484 1550 ‘non
510 1485 640 1551 accedet
667 1485 707 1550 ad
730 1507 799 1551 rem
824 1486 988 1569 publicam
1011 1485 1149 1570 sapiens,

125 1573 189 1638 nisi
212 1575 240 1638 si
264 1574 341 1659 quid
364 1575 599 1658 intervenerit'3
628 1573 740 1640 Zenon
762 1576 821 1639 ait:
849 1574 993 1640 ‘accedet
1017 1575 1057 1640 ad
1079 1597 1147 1640 rem
1166 1594 1190 1635 rs

91 1663 303 1747 apublicam,
339 1663 401 1729 nisi
433 1663 462 1729 si
491 1664 569 1747 quid
600 1663 801 1747 impedierit’.
856 1665 937 1728 alter
969 1664 1072 1729 otium
1109 1686 1149 1730 ex

126 1753 293 1838 proposito
324 1753 421 1837 petit,
450 1755 530 1818 alter
553 1774 593 1817 ex
615 1773 725 1837 oausa3
756 1774 852 1818 causa
873 1756 982 1818 autem
1004 1753 1061 1819 illa
1083 1754 1148 1820 late

126 1845 223 1926 patet.
270 1841 298 1907 si
321 1863 371 1906 res
395 1842 526 1926 publica
549 1842 731 1927 corruptior
753 1846 802 1907 est
826 1863 923 1927 quam
945 1847 980 1906 at
1003 1843 1149 1910 adiuvari

125 1931 244 2016 possit,
273 1930 301 1997 si
328 1935 485 2016 occupata
512 1934 562 1996 est
588 1931 697 2016 malis,
725 1954 793 1997 non
819 1932 941 1996 nitetur
963 1931 1091 2016 sapiens
1113 1933 1149 1998 in

126 2041 360 2104 supervacuum
395 2042 455 2087 nec
491 2042 524 2085 se
560 2020 644 2085 nihil
680 2021 869 2107 profuturus
900 2020 1084 2106 impendet,
1120 2022 1149 2087 si
1166 2043 1190 2083 so

126 2131 240 2194 parum
268 2109 401 2175 habehit
430 2109 632 2175 auctoritatis
660 2113 716 2175 aut
743 2111 860 2176 virium
887 2131 947 2174 nec
969 2110 1062 2175 illum
1087 2111 1149 2176 erit

90 2214 107 2262 4
126 2197 305 2264 admissura
322 2222 372 2265 res
391 2199 536 2284 publica,
554 2199 581 2266 si
599 2199 750 2265 valetudo
770 2200 863 2264 illum
882 2199 1051 2284 impediet,
1069 2221 1148 2286 quo-

126 2287 222 2353 modo
241 2310 356 2354 navem
377 2310 525 2372 quassam
543 2310 611 2354 non
629 2288 799 2355 deduceret
815 2289 850 2353 in
863 2310 964 2372 mare,
983 2287 1147 2374 quomodo

125 2398 244 2443 nomen
266 2378 301 2443 in
321 2377 471 2443 militiam
490 2399 557 2444 non
575 2378 666 2444 daret
684 2378 813 2462 debilis,
836 2378 883 2442 sic
901 2376 942 2442 ad
960 2378 1037 2463 iter,
1060 2378 1147 2462 quod

215 2552 251 2607 14
269 2554 350 2623 Epic.
365 2555 465 2625 fragm.
481 2554 518 2609 9*
538 2554 582 2610 Ua.
600 2552 611 2626 11
629 2552 665 2607 15
683 2553 1011 2620 Zenon.sr.170Pears.

214 2678 230 2731 l
250 2678 359 2733 adalios
383 2681 463 2733 actus
487 2679 596 2733 animos
616 2677 720 2733 referre
738 2680 766 2734 A
790 2678 827 2732 ad
846 2680 927 2750 actus
946 2678 1066 2732 aliorum
1085 2676 1147 2732 ani-

125 2765 185 2802 mos
207 2749 311 2804 referre
330 2751 452 2821 Pfeaaiy
478 2751 514 2804 ad
538 2748 609 2804 alios
633 2752 714 2804 actus
733 2766 818 2804 canos
835 2750 940 2804 referre
962 2749 1023 2805 Joh.
1040 2750 1147 2804 Metttcr

126 2820 163 2874 ad
182 2819 253 2875 alios
273 2822 351 2876 actui
369 2821 520 2876 armandos
539 2838 568 2877 re
586 2821 637 2876 ref.
652 2821 789 2877 Schultess
811 2821 850 2892 lt
868 2820 966 2875 divisis
983 2822 1053 2891 oolp.
1072 2820 1146 2874 diui-

124 2892 162 2945 tis
176 2891 205 2946 A
222 2891 232 2963 ll
256 2893 270 2946 7
290 2893 424 2962 quoniam
440 2894 522 2949 Gertz
540 2897 597 2962 qua
610 2892 639 2947 A
657 2909 722 2946 nam
739 2895 777 2948 M
812 2894 858 2962 cip
878 2893 890 2966 ll
911 2891 928 2946 8
948 2893 979 2945 in
997 2891 1077 2944 curia
1096 2891 1147 2946 sed

124 2963 155 3017 in
174 2962 297 3019 faotione
316 2966 360 3019 est
375 2965 494 3035 Modoip
512 2963 616 3018 iniuria
635 2964 685 3018 sed
703 2963 865 3018 infectionis
880 2965 908 3018 A
926 2980 983 3017 non
1000 2962 1031 3016 id
1050 2963 1146 3018 curiae

125 3034 174 3088 sed
193 3034 251 3088 iarn
270 3035 402 3090 factionis
421 3037 465 3091 est
482 3036 599 3106 Lipsius
619 3035 630 3108 Η
651 3035 669 3089 9
689 3035 720 3088 in
739 3036 836 3104 aperto
856 3034 983 3090 confessa
1002 3034 1147 3089 chmmer

125 3106 255 3174 inoperta
279 3106 406 3161 confessa
420 3109 448 3162 A
471 3107 601 3176 inoperta
619 3122 653 3160 ac
672 3106 745 3160 conf.
764 3107 832 3176 oolp.
852 3106 923 3161 male
944 3105 975 3158 in
994 3107 1092 3174 aperto
1112 3120 1146 3159 ac

126 3177 251 3232 confesso
267 3178 405 3245 Wczfflin,
420 3179 467 3233 sed
480 3178 531 3244 cfr.
548 3179 703 3233 Klammeri
716 3178 856 3233 animadv.
868 3179 1016 3232 Achaean.
1029 3193 1145 3247 pramm.

125 3249 398 3304 Dioa.Bcna.1878
412 3266 441 3319 p.
457 3254 474 3303 4
492 3249 503 3322 Η
521 3248 556 3304 18
571 3265 656 3318 quam
674 3251 707 3303 ut
725 3250 792 3320 oolp.
812 3253 869 3318 qua
882 3250 910 3303 A
928 3247 938 3320 ll
956 3247 991 3302 19
1005 3249 1146 3317 occupatu

125 3323 169 3374 est
184 3319 267 3373 malis
284 3320 352 3390 volp.
373 3320 562 3392 osculatalest
579 3320 662 3380 malis
677 3322 705 3376 A
724 3337 741 3375 a
760 3319 842 3374 malis
861 3326 938 3388 optat
952 3320 1084 3390 Madoip,
1098 3320 1147 3375 sed

125 3392 218 3446 dativo
226 3392 267 3446 aio
275 3406 355 3460 caepe
363 3391 620 3458 utiturSeaeoacfr.
628 3392 708 3459 infra
717 3409 747 3462 p.
757 3395 845 3458 235,5
855 3390 998 3446 obcallata
1008 3392 1052 3445 est
1061 3390 1145 3445 malis

127 3462 209 3518 Gertz
226 3463 285 3518 coll.
301 3479 345 3532 qu.
360 3469 418 3518 nat.
433 3464 483 3518 IV
497 3468 541 3529 13,
552 3469 592 3520 ·1O
613 3463 623 3535 Ιι
646 3463 683 3518 24
701 3463 777 3532 quod
793 3462 922 3516 inhabile
940 3461 1011 3515 sciet
1027 3463 1055 3516 A
1075 3464 1145 3528 (sen.

102 3547 165 3597 pro
180 3535 246 3588 suth
262 3534 381 3608 aristus)
399 3535 475 3606 quod
493 3542 568 3592 tenco
586 3552 648 3591 cam
663 3536 764 3606 Meyer
782 3535 891 3604 (Joam.
906 3533 940 3600 of
949 3533 1018 3603 phil.
1036 3534 1098 3610 Vll
1110 3539 1145 3590 51
