2438 3846
96 187 146 241 AD
160 184 337 242 SERENVM
346 184 396 240 DE
406 184 729 251 TRANQVILLITATE
739 185 849 240 ANIMI
858 184 935 241 CAP.
946 192 987 241 13.
998 193 1031 241 14
1055 189 1119 255 271

95 337 218 417 noster,
248 352 322 397 oum
353 331 462 396 omnia
492 353 550 397 sua
573 331 699 397 audiret
722 332 901 398 submersa:
931 332 1052 398 ‘iubet'
1075 333 1122 398 in·

95 422 168 505 quit
197 422 263 487 ‘me
292 421 425 486 fortuna
446 420 627 505 expeditius
649 421 893 507 philosophari?
938 422 1123 488 minabatur

94 511 265 577 Theodoro
293 509 490 596 philosopho
518 518 675 594 tyrannus
705 514 843 576 mortem
867 514 900 576 et
923 511 1053 596 quidem
1075 512 1123 576 in·

95 601 289 705 sepultam·
305 598 437 665 ‘habes'
470 599 578 684 inquit
563 599 685 667 t‘our
719 599 781 666 tibi
814 601 957 685 placeas,
992 600 1123 667 hemina

63 690 261 777 ssanguinis
279 689 316 755 in
332 692 390 754 tua
407 692 649 775 potestate,
586 693 649 755 est·
666 711 743 754 nam
762 689 849 773 quod
868 691 909 756 ad
923 692 1030 775 sepult
1030 713 1122 755 uram

93 782 248 865 pertinet,
268 782 355 844 ote
337 778 540 863 eineptum,
569 779 598 844 si
620 782 716 863 putas
739 801 811 844 mea
833 779 1002 863 iuteresse,
1024 802 1123 882 supra

93 877 212 935 terram
232 891 274 934 au
292 867 378 933 infra
395 866 601 952 putrescam?
636 868 749 933 Kanus
768 866 936 952 Iulius,
905 891 956 934 ιιι
973 869 1157 954 ἰιιριίιιιίιι

93 981 245 1045 magnus,
264 957 355 1024 euius
375 956 582 1023 admirationi
598 979 640 1023 ne
657 957 721 1023 hoo
740 958 870 1042 quidem
889 962 1012 1044 opstat,
1035 959 1154 1043 quod

92 1053 205 1114 nostro
240 1048 368 1113 saeculo
403 1069 445 1112 na
446 1050 499 1112 tus
534 1051 598 1131 est,
632 1069 706 1112 eum
737 1045 817 1112 Gaio
853 1047 909 1113 diu
940 1049 985 1112 alt
971 1051 1121 1133 tereatus,

48 1161 75 1200 ιο
93 1143 266 1222 postquam
295 1137 428 1209 abeunti
450 1135 597 1202 Phalaris
620 1136 676 1202 ille
700 1137 795 1202 dixit:
826 1137 881 1202 ‘ne
904 1137 988 1203 forte
1010 1137 1122 1222 inepta

93 1250 151 1312 spe
173 1227 234 1292 tibi
256 1225 445 1309 blandiaris,
468 1226 589 1292 ducite
608 1225 714 1309 iussi',
737 1225 891 1314 ‘madae'
909 1227 1016 1312 inquit
1035 1227 1121 1313 ‘ago,

93 1317 216 1402 optime
246 1315 418 1402 princeps?
468 1314 547 1400 quid
580 1315 715 1382 senserit
745 1315 872 1400 dubito,
902 1317 1006 1382 multa
1036 1318 1157 1382 enims

93 1406 174 1472 mihi
197 1413 385 1472 occurrunt:
409 1406 662 1471 contumeliosus
682 1427 751 1471 esse
770 1406 876 1471 voluit
893 1409 926 1471 et
945 1406 1121 1490 ostendere,

94 1500 215 1581 quanta
238 1495 410 1562 erudelitas
434 1498 531 1579 esset,
559 1496 594 1560 in
618 1517 682 1580 qua
704 1517 792 1561 mors
816 1495 1008 1561 beneficium
1032 1494 1123 1561 erat?

47 1607 74 1648 rs
93 1609 135 1651 an
165 1585 372 1670 exprobravit
400 1584 451 1648 illi
480 1585 675 1650 cotidianam
704 1585 921 1651 dementiam?
966 1583 1123 1673 (agebant

92 1675 179 1741 enim
208 1675 328 1761 gratias
359 1678 392 1740 et
416 1695 554 1758 quorum
577 1673 673 1740 liberi
696 1674 794 1740 occisi
818 1679 850 1740 et
874 1696 1012 1760 quorum
1035 1674 1122 1740 bona

93 1765 200 1829 ablata
223 1761 329 1852 erant)
352 1786 395 1828 an
417 1767 585 1848 tamquam
607 1763 791 1830 libertatem
814 1763 952 1829 libenter
975 1765 1122 1848 accepit?

93 1853 248 1937 quioquid
279 1857 342 1936 est,
371 1874 490 1938 magno
520 1852 629 1919 auimo
659 1853 836 1938 respondit.
882 1854 968 1919 dioet
990 1854 1157 1939 aliquiszo

93 1943 216 2028 ‘potuit
234 1947 310 2028 post
327 1942 391 2008 hoo
408 1942 519 2007 iubere
538 1943 631 2008 illum
649 1940 747 2008 Gaius
766 1942 895 2008 vivere?
930 1965 997 2008 non
1011 1943 1122 2009 timuit

46 2056 74 2095 ιο
92 2034 155 2098 hoo
185 2031 305 2115 (lanus3
339 2035 419 2097 nota
454 2035 523 2096 erat
553 2029 613 2097 Gai
641 2031 677 2096 in
705 2032 826 2097 talibus
856 2032 999 2118 imperiis
1032 2032 1120 2098 fides.

92 2121 236 2187 credisne
273 2122 367 2186 illum
403 2121 514 2186 decem
550 2121 674 2187 medios
710 2143 813 2205 usque
848 2122 889 2187 ad
923 2122 1121 2206 supplicium

92 2211 159 2276 dies
190 2210 259 2276 sine
288 2211 357 2275 ulla
386 2210 603 2277 sollieitudine
634 2210 800 2297 exegisse?
851 2210 1024 2277 verisimile
1054 2233 1122 2276 non

92 2304 155 2384 est,
186 2321 268 2384 quae
291 2299 342 2364 vir
364 2300 418 2365 ille
442 2300 574 2384 dixerit,
601 2321 683 2384 quae
707 2300 833 2386 feeerit,
857 2322 954 2385 quam
977 2301 1013 2366 in
1035 2304 1120 2365 tran·

92 2390 194 2474 quillo
217 2388 323 2455 fuerit.
359 2389 494 2455 ludebat
514 2390 722 2474 latrunculis,
744 2412 819 2456 oum
839 2390 985 2456 centurio
1005 2405 1157 2476 agmen?

45 2501 72 2542 as
90 2479 310 2566 periturorum
346 2479 477 2544 trahens
514 2479 609 2543 illurn
649 2499 779 2563 quoque
816 2479 950 2545 excitari
986 2479 1119 2545 iuberet.

90 2572 224 2634 vocatus
246 2569 429 2633 numeravit
452 2568 593 2635 oaloulos
617 2570 649 2633 et
672 2569 776 2634 sodali
795 2592 867 2635 suo:
891 2568 995 2635 ‘vide'
1013 2568 1121 2653 inquit

91 2658 147 2724 ‘ne
184 2661 259 2742 post
293 2663 433 2723 mortem
464 2680 571 2724 meam
609 2658 775 2724 mentiaris
806 2662 840 2724 te
871 2658 1013 2743 uicisset
1048 2663 1119 2724 tum

91 2769 235 2813 annuens
265 2747 460 2813 oentmioni:
489 2747 612 2813 ‘testis'
635 2747 743 2832 inquit
765 2747 844 2814 ‘eris
868 2770 934 2813 uno
952 2770 1009 2819 me
1033 2751 1120 2813 ante

91 2837 224 2904 cedere?
269 2837 392 2915 lusisse
413 2841 451 2902 tu
474 2834 599 2902 (lanum
622 2836 679 2903 illa
700 2837 812 2903 tabula
834 2837 952 2924 putas?
996 2837 1118 2903 inlusit.

45 2948 72 2988 ιο
90 2927 200 2992 tristes
223 2929 315 2993 erant
337 2925 434 2992 amici
451 2927 551 2992 talem
569 2927 719 2993 amissuri
737 2927 857 2993 virum:
881 2927 975 3012 ‘quid
993 2927 1120 2992 maesti'
1138 2941 1155 2991 8

91 3016 286 3101 inquitt
222 3016 286 3081 ‘est
287 3015 337 3080 is?
373 3037 431 3081 vos
456 3016 582 3101 quaerit
567 3016 609 3081 tis
628 3039 671 3081 an
688 3017 877 3083 inmortales
896 3017 1021 3082 animae
1040 3016 1119 3101 sint,

182 3209 201 3264 4
221 3210 348 3282 hemma]
372 3210 434 3265 aide
455 3211 561 3281 Mayor
578 3210 679 3266 Joarn.
702 3211 736 3278 of
754 3211 855 3266 Phalol.
876 3211 954 3266 VIII
975 3214 1018 3266 16.
1037 3211 1121 3283 2631}

93 3282 107 3335 7
126 3281 225 3336 Kanus
239 3283 267 3337 A
285 3283 335 3336 hoc
352 3282 423 3348 loco,
440 3281 489 3336 sed
506 3281 587 3348 iufra
604 3281 731 3338 manibus
745 3282 812 3337 loeis
824 3298 924 3337 nomen
939 3298 990 3351 per
1004 3280 1025 3336 G
1039 3298 1090 3337 scr.
1110 3292 1121 3345 Η

91 3353 127 3408 15
150 3351 195 3407 illi
213 3354 241 3408 A
266 3352 346 3406 illam
370 3352 455 3408 Gerra
476 3352 600 3420 frustm
625 3353 686 3423 (osr.
709 3353 772 3409 Joo.
788 3353 895 3408 Mulier
913 3354 1019 3410 Ztsahr.
1038 3354 1060 3421 f.
1080 3370 1118 3408 oe

94 3424 194 3495 Gyara
209 3423 388 3480 XXXVIII
403 3427 474 3479 1887
488 3440 519 3493 p.
533 3424 598 3495 852)
616 3421 680 3497 1125
698 3423 810 3479 iuberet
823 3425 851 3479 A
869 3424 943 3493 quod
961 3431 1038 3480 leaeo
1057 3425 1118 3494 (ofin

96 3495 277 3552 Waldaestel:
295 3495 329 3551 de
347 3497 554 3552 enuntiatomm
567 3497 760 3565 temporalium
773 3501 917 3552 amoveo
929 3513 981 3564 ap
993 3496 1134 3551 Senem

92 3567 168 3622 Dias.
185 3568 253 3623 Hal
269 3571 341 3624 1888
351 3584 383 3638 p
399 3569 445 3640 30)
464 3565 546 3624 iubet
561 3569 661 3628 Mutat
