2438 3846
131 165 174 230 74
325 163 356 218 L.
370 161 514 218 ANNAEI
531 161 697 218 SENECAE
716 162 811 217 DIAL.
826 161 893 218 LIB.
908 162 955 218 IV.

94 309 230 374 utristis
261 307 444 392 adspectus3
470 307 547 372 inde
577 312 626 372 est
653 307 740 392 quod
768 299 948 373 adridemus
971 308 1149 374 ridentibus

129 401 161 462 et
183 399 353 462 contristat
375 419 434 462 nos
457 396 552 461 turba
575 398 784 461 maerentium
803 400 836 462 et
853 396 1087 462 effervescimus
1109 397 1150 462 ad

129 487 233 551 aliena
251 488 432 551 certamina.
470 508 551 570 quae
569 507 637 551 non
655 489 731 550 sunt
748 487 827 568 irae,
845 507 912 550 non
929 488 1034 572 magis
1052 509 1149 571 quam

128 576 261 640 tristitia
295 579 355 658 est,
392 598 473 660 quae
511 574 551 638 ad
587 579 795 658 conspectum
831 575 953 640 mimici
988 576 1149 661 naufragii

129 664 291 729 contrahit
312 664 464 746 frontem,
487 685 554 728 non
577 665 680 750 magis
699 685 796 747 quam
814 665 924 747 timor,
948 665 1004 748 qui
1026 663 1150 729 Hanni·
1181 683 1194 725 e

127 753 199 818 bale
226 756 302 837 post
327 751 451 817 Cannas
479 753 606 818 moenia
633 753 877 818 circumsidente
899 754 1056 818 lectorum
1079 776 1150 838 per·

128 842 229 907 currit
258 842 395 924 animos,
426 841 482 906 sed
511 842 619 906 omnia
648 843 711 906 ista
741 846 846 906 motus
870 844 946 906 sunt
969 844 1150 907 animorum

128 931 250 995 moveri
267 932 447 995 nolentium
464 951 524 995 nec
542 930 686 996 adfectus
700 930 757 996 sed
770 931 930 1015 principia
945 931 1151 1014 proludentia

93 1035 108 1084 a
128 1019 314 1085 adfectibus.
361 1021 407 1086 sic
433 1022 520 1085 enim
542 1020 691 1084 militaris
714 1021 777 1083 viri
799 1021 833 1082 in
856 1019 961 1084 media
983 1042 1061 1103 pace
1084 1021 1150 1084 iarn

127 1110 231 1194 togati
264 1131 355 1174 aures
384 1109 463 1174 tuba
492 1109 626 1173 suscitat
655 1129 818 1192 equosque
848 1112 1023 1174 castrenses
1054 1109 1151 1193 erigit
1168 1129 1196 1168 ro

128 1199 268 1282 crepitus
311 1219 481 1262 armorum.
541 1195 760 1261 Alexandrum
802 1197 892 1261 aiunt
932 1196 1149 1281 Xenophanto

128 1290 260 1352 canente
283 1309 414 1351 manum
438 1286 478 1350 ad
501 1307 590 1349 arma
612 1287 746 1351 misisse.

93 1408 107 1457 1
216 1391 271 1457 IH.
304 1391 398 1476 Nihil
416 1415 456 1457 ex
474 1392 538 1475 his,
564 1400 644 1476 quae
664 1393 806 1457 animum
825 1393 959 1457 fortuito
980 1393 1149 1477 inpellunt,

128 1481 270 1546 adfectus
294 1482 403 1546 vocari
426 1482 532 1546 debet:
555 1482 630 1564 ista,
649 1485 686 1545 ut
704 1482 751 1545 ita
769 1481 886 1563 dicam,
904 1483 1027 1565 patitur
1045 1482 1149 1567 magis

128 1570 252 1634 animus
277 1592 373 1653 quam
396 1571 482 1636 facit.
528 1592 605 1655 ergo
635 1570 777 1638 adfectus
801 1574 938 1635 estnon
961 1570 1001 1634 ad
1025 1570 1149 1635 oblatas
1168 1589 1196 1630 rs

127 1681 234 1723 rerum
263 1661 385 1743 species
413 1659 548 1742 moveri,
577 1659 632 1723 sed
655 1660 839 1742 permittere
863 1681 896 1723 se
919 1659 985 1723 illis
1008 1662 1041 1722 et
1062 1659 1150 1725 hunc

91 1762 107 1811 a
127 1747 297 1812 fortuitum
324 1751 449 1812 motum
479 1748 640 1832 prosequi.
691 1769 767 1811 nam
790 1749 818 1811 si
841 1748 913 1832 quis
937 1748 1094 1832 pallorem
1117 1751 1151 1812 et

126 1836 275 1901 lacrimas
311 1837 507 1922 procidentis
544 1840 577 1901 et
612 1836 824 1900 irritationem
860 1837 981 1902 umoris
1019 1837 1150 1901 obsceni

128 1926 268 1991 altumve
299 1926 475 2011 suspirium
503 1929 535 1991 et
565 1926 675 1992 oculos
700 1925 806 1990 subito
830 1926 968 1991 acriores
992 1929 1048 1990 aut
1070 1925 1149 2010 quid

127 2015 178 2079 his
209 2015 313 2080 simile
342 2015 497 2080 indicium
527 2015 670 2080 adfectus
701 2015 863 2098 animique
891 2015 1021 2100 signum
1046 2018 1149 2099 putat,
1167 2033 1196 2074 ro

92 2119 108 2166 3
127 2104 252 2168 fallitur
272 2125 332 2169 nec
355 2104 515 2189 intellegit
538 2105 682 2188 corporis
705 2104 765 2169 hos
789 2126 857 2168 esse
875 2104 997 2188 pulsus.
1041 2105 1150 2189 itaque

128 2196 160 2295 et
182 2193 376 2258 fortissimus
399 2194 589 2277 plerumque
612 2194 662 2258 vir
685 2192 761 2258 dum
783 2197 925 2294 armatur
942 2192 1100 2276 expalluit
1117 2196 1150 2258 et

126 2283 504 2457 lutulenta
520 2282 1150 2456 ltsstztlntllaltttbrttt

128 2461 299 2525 arietarent
322 2482 378 2526 eor
400 2461 514 2525 exiluit
536 2465 569 2525 et
592 2461 712 2525 oratori
731 2461 994 2544 eloquentissimo
1014 2459 1090 2526 dum
1109 2459 1149 2524 ad
1167 2478 1194 2520 as

91 2564 108 2611 4
128 2548 297 2614 dicendum
316 2551 511 2634 conponitur
530 2571 654 2614 summa
671 2550 847 2635 riguerunt.
885 2549 933 2613 ira
945 2571 1013 2613 non
1026 2550 1149 2613 moveri

127 2641 253 2703 tantum
284 2636 377 2702 debet
406 2638 461 2703 sed
492 2660 672 2723 excurrere;
701 2640 750 2703 est
779 2639 864 2703 enim
893 2639 1036 2723 inpetus3
1058 2661 1149 2703 num-

128 2749 225 2810 quam
255 2730 362 2792 autem
391 2728 530 2811 impetus
561 2729 629 2792 sine
657 2727 793 2792 adsensu
820 2727 936 2792 mentis
960 2731 1022 2810 est,
1045 2749 1149 2812 neque

127 2816 213 2882 enim
236 2816 307 2879 fieri
325 2812 438 2901 'potest
460 2821 496 2882 ut
519 2817 558 2881 de
580 2817 704 2881 ultione
728 2819 760 2880 et
782 2837 887 2899 poena
907 2819 1022 2902 agatur
1041 2817 1148 2882 animo

127 2901 296 2969 nesciente.
350 2906 478 2989 putavit
509 2929 542 2971 se
575 2906 692 2990 aliquis
723 2905 859 2988 laesum,
891 2905 996 2970 voluit
1026 2905 1149 2989 ulcisci,
1167 2924 1193 2965 eo

218 3095 233 3150 1
253 3096 319 3151 inde
339 3098 382 3152 est
400 3097 476 3166 quod
494 3099 521 3153 L
539 3099 607 3169 colo.
624 3098 699 3152 idest
713 3097 789 3167 quod
803 3099 831 3152 A
849 3095 993 3165 iidemque
1007 3098 1127 3169 Maricio
1140 3098 1150 3170 ll

126 3167 300 3222 dlectorum
320 3212 325 3223 .
343 3213 348 3222 .
369 3170 478 3223 animos
499 3169 580 3224 Gertz
601 3170 674 3237 (edit.
689 3187 720 3238 p.
735 3171 799 3238 415)
824 3167 937 3222 lectoris
953 3210 959 3221 .
975 3211 981 3222 .
997 3168 1107 3223 animos
1120 3172 1149 3224 A

126 3238 240 3294 lectoris
257 3283 262 3293 .
279 3283 284 3292 .
300 3241 426 3294 animum
446 3242 543 3296 Manet
559 3240 570 3312 ll
588 3239 622 3294 11
640 3240 842 3309 xenophantoll
858 3242 885 3308 (o
904 3257 938 3294 ee
955 3256 1024 3295 corr.
1043 3246 1069 3295 et
1087 3257 1150 3295 mem

126 3328 181 3366 ras.
195 3311 258 3378 fort.
275 3329 293 3365 a
306 3329 393 3366 mana
407 3314 434 3381 1)
448 3313 476 3366 A
494 3310 504 3383 ll
522 3310 558 3365 18
571 3327 606 3365 ex
621 3312 646 3364 is
660 3311 801 3367 Rossbach
817 3310 828 3383 ll
845 3310 879 3365 1⁷
894 3311 1002 3364 motum
1017 3311 1059 3365 A⁶
1077 3313 1149 3380 (tum

126 3384 159 3436 iu
180 3383 247 3451 roc.)
272 3382 282 3455 ll
307 3381 342 3437 18
360 3383 465 3437 umoris
488 3399 554 3437 corr.
577 3385 609 3437 in
632 3382 756 3436 humoris
774 3381 859 3451 A¹(?)
884 3381 894 3453 ll
919 3381 954 3435 19
975 3381 1101 3437 altumue
1120 3385 1149 3437 A

107 3455 363 3591 ‘u
377 3455 517 3582 rou
529 3452 652 3581 aab
667 3452 708 3580 fl
728 3452 1074 3596 eleuaretur*
1094 3455 1122 3510 Α
1140 3454 1150 3526 '¹
