2438 3846
212 159 263 216 AD
283 155 498 216 GALLIONEM
514 154 565 211 DE
582 154 672 210 VITA
689 154 813 211 BEATA
832 155 908 210 CAP.
924 160 949 212 t.
965 161 1021 211 6.'1
1063 157 1127 223 201

110 309 233 372 statura
269 325 395 389 semper
430 302 487 368 ubi
524 301 669 369 constitit
700 323 738 367 ac
770 301 877 367 sedem
909 322 1000 366 suam
1033 300 1130 367 etiam

109 396 192 461 irata
219 397 251 460 et
280 394 451 459 infestante
473 393 605 458 fortuna
626 390 834 457 vindicatura.
880 413 956 456 nam
980 391 1067 476 quod
1090 390 1166 456 ads

109 486 309 570 voluptatem
338 482 490 568 pertinet,
519 482 596 547 licat
624 480 901 547 circumfundatur
930 480 1071 564 undique
1099 484 1131 545 et

109 596 168 659 per
199 572 304 639 omnis
333 573 401 637 vias
431 570 546 636 influat
573 569 781 653 animumque
807 569 1036 635 blandimentis
1064 570 1130 634 suis

78 661 209 727 claniat
236 661 362 765 aliaque
388 682 429 764 en
455 659 526 724 aliis
550 658 734 762 admoveat,
760 659 879 761 quibuq
901 662 988 723 totos
1011 662 1131 742 partes·

110 773 173 905 {li
192 748 1132 924 iimldilillssiifffflpimiiimtiiiiimillir

109 929 189 994 velit
210 932 243 995 et
266 928 391 994 deserto
414 927 521 992 animo
545 926 674 1012 corpori
697 949 828 1012 operam
852 925 948 991 dare?

199 1016 255 1085 VI'.
293 1016 373 1084 ‘Sed
391 1017 516 1082 animus
535 1015 680 1101 quoque'
698 1016 806 1100 inquit
824 1015 1022 1101 ‘voluptates
1035 1015 1132 1080 habe·
1151 1031 1166 1082 1

63 1134 91 1174 ιι
110 1107 159 1172 bit
188 1106 284 1172 suas?
333 1107 449 1171 habeat
478 1127 554 1172 sane
584 1105 754 1189 sedeatque
784 1105 930 1169 luxuriae
960 1108 992 1170 et
1019 1104 1132 1189 volup-

108 1195 225 1261 tatium
249 1196 380 1279 arbiter3
402 1195 536 1280 impleat
558 1216 592 1259 se
615 1194 661 1259 eis
684 1194 849 1277 omnibus,
873 1216 954 1278 quae
973 1194 1132 1259 oblectare

110 1306 222 1350 sensus
242 1286 361 1370 solent,
383 1283 497 1350 deinde
519 1283 693 1369 praeterita
714 1284 865 1368 respiciat
882 1287 915 1348 et
933 1283 1132 1349 exoletarum

24 1403 27 1407 ·
109 1373 326 1460 voluptatium
357 1395 483 1438 memor
513 1374 636 1438 exultet
664 1372 826 1457 prioribus
855 1372 1038 1457 futurisque
1067 1373 1132 1437 iam

109 1462 277 1528 immineat
300 1480 338 1528 ae
360 1482 433 1547 spes
452 1482 526 1528 suas
545 1461 671 1527 ordinet
689 1466 736 1548 et,
758 1460 835 1526 dum
854 1471 971 1545 corpus
989 1460 1024 1524 in
1042 1483 1133 1545 praa·

64 1578 90 1620 rs
110 1551 195 1617 senti
217 1551 330 1638 sagina
352 1551 448 1635 iacet,
471 1550 682 1636 cogitationes
705 1550 746 1615 ad
768 1550 912 1615 futuram
933 1551 1132 1636 praemittat:

109 1640 173 1707 hoc
195 1639 276 1705 mihi
298 1640 460 1705 videbitur
482 1639 642 1723 miserior,
671 1639 828 1725 quoniam¹
848 1640 934 1705 mala
954 1659 1014 1723 pro
1037 1639 1132 1704 bonis

108 1731 214 1816 legere
233 1729 393 1794 dementia
411 1733 468 1794 est.
504 1749 564 1795 nec
587 1729 655 1794 sine
674 1729 810 1795 sanitate
829 1729 1001 1813 quisquam
1019 1728 1140 1817 beatus·

109 1822 158 1884 est
186 1839 246 1885 nec
276 1839 386 1903 sanus,
416 1818 469 1884 cui
501 1818 653 1884 obfutura
668 1821 739 1903 ¹pro
768 1818 900 1903 optimis
928 1816 1132 1902 adpetimtur.

108 1907 222 1973 beatus
245 1929 323 1994 ergo
346 1910 396 1974 est
417 1906 529 1998 iudicii
550 1911 671 1991 rectus3
693 1906 807 1972 beatus
830 1910 879 1972 est
900 1906 1133 1991 praesentibus,
1150 1920 1166 1971 2

61 2023 89 2065 so
109 1996 356 2081 qualiacumque
386 1999 475 2080 sunt,
504 1999 676 2062 contentus
709 1997 894 2080 amicusque
926 1996 1020 2062 rebus
1051 1995 1132 2080 suis3

107 2087 220 2151 beatus
244 2090 293 2151 est
314 2085 357 2170 is,
380 2085 433 2152 cui
455 2106 584 2150 omnem
607 2085 754 2150 habitum
773 2107 879 2151 rerum
899 2106 1030 2152 suarum
1047 2085 1130 2151 ratio

108 2175 428 2330 e·⁰nunldlldailsiclent
454 2268 487 2330 et
513 2264 548 2329 in
575 2264 639 2329 iliis
667 2264 725 2350 qui
751 2285 914 2330 summum
936 2264 1058 2329 bonum
1087 2263 1165 2330 di·1

106 2357 238 2438 xerunt,
259 2375 357 2437 quam
379 2354 469 2440 turpi
486 2353 568 2419 illud
585 2354 658 2419 loco
673 2353 849 2440 posuerint.
885 2353 994 2437 itaque
1012 2357 1132 2438 negant

60 2461 202 2527 esposse
224 2442 425 2527 voluptatem
448 2465 468 2508 a
489 2441 609 2508 virtute
632 2442 741 2508 diduci
761 2446 794 2508 et
811 2442 902 2508 aiunt
919 2463 980 2508 nec
996 2441 1131 2507 honeste

108 2552 302 2617 quemqnam
326 2531 446 2616 vivere,
468 2535 595 2597 utnon
617 2531 756 2598 iucunde
779 2531 880 2615 uvat,
902 2552 962 2597 nec
984 2531 1131 2615 iucunde,

197 2706 234 2762 24
252 2707 374 2777 Epicuri
389 2706 426 2775 fr.
441 2710 496 2763 506
519 2708 564 2764 Ua.

197 2811 216 2869 Β
237 2812 415 2869 uoluntatem
433 2815 462 2870 A
487 2831 557 2871 corr.
577 2815 646 2886 oolp.
672 2815 683 2887 ΗΗ
706 2814 807 2885 dpoct
829 2817 904 2870 totos
919 2815 1000 2872 Koch
1017 2832 1069 2870 nos
1086 2816 1131 2871 In-

107 2886 211 2952 sauia
226 2901 284 2940 aon
296 2891 366 2956 puto
384 2888 576 2943 macarium.
608 2886 659 2953 cfr.
679 2887 716 2942 E.
735 2887 852 2942 Itomos
873 2888 969 2942 Herm.
988 2887 1135 2942 XXVIII

103 2972 134 3027 p.
148 2959 203 3012 281
220 2955 232 3040 Η
248 2954 267 3010 6
285 2956 515 3027 nostri,'l(erac.s
540 2959 568 3013 A
586 2957 596 3029 ΗΗ
615 2957 765 3012 Ititillarc
778 2957 820 3013 A¹
834 2974 903 3013 corr.
919 2956 961 3013 A⁶
977 2957 988 3031 Η
1005 2957 1041 3014 15
1054 2956 1131 3012 futu-

106 3043 169 3083 ram
193 3027 310 3096 Lepsios
334 3026 433 3082 futura
459 3029 488 3084 A
509 3029 513 3101 Η
546 3027 582 3084 18
610 3027 745 3084 obfutura
770 3030 840 3100 colq.
861 3028 958 3084 suana
979 3030 1008 3085 A
1035 3027 1131 3085 iutilia

112 3099 156 3155 W.
176 3097 284 3155 Geruoll
308 3097 319 3172 Η
346 3098 382 3154 al
408 3115 519 3154 omnem
543 3098 675 3169 habitum
700 3101 769 3171 volp.
800 3103 890 3155 omem
916 3099 1078 3169 habitumq3
1102 3103 1131 3157 A

108 3171 241 3241 (ornnem)
260 3170 451 3227 conditionem
469 3169 658 3241 habitumque
678 3173 773 3243 Pauly
797 3172 925 3227 ordinem
942 3170 1131 3242 habitumque

33 3296 34 3299 ,
107 3241 257 3309 Schultess,
283 3242 332 3298 sed
359 3257 469 3299 omnam
496 3243 589 3298 messe
614 3259 672 3298 non
696 3260 776 3314 posse
802 3251 872 3298 recte
898 3251 989 3300 moeret
1017 3243 1099 3300 Gertz
1120 3244 1131 3316 ΗΗ

107 3312 144 3368 28
161 3312 260 3368 rident
283 3315 351 3384 vulp.
369 3312 451 3368 uidet
467 3314 496 3369 A
525 3314 528 3386 Η
555 3313 586 3368 in
610 3314 669 3370 iliis
694 3313 776 3370 Gertz
796 3321 947 3384 praecaute
974 3316 1130 3386 Maeuiae,

106 3385 212 3454 quiin
236 3383 314 3439 hillis
338 3386 498 3454 Scn'pmat,
614 3392 729 3456 propter
747 3387 821 3441 Plio.
841 3387 866 3442 t.
886 3393 944 3442 not.
965 3386 1018 3442 XI
1033 3385 1058 3511 Η
1075 3390 1131 3442 200

106 3456 273 3512 meandum
294 3457 349 3510 oid.
367 3455 455 3510 inillis
474 3457 503 3511 A
563 3456 694 3512 dixenrnt
712 3471 729 3512 s
747 3456 871 3512 dixerint
886 3459 914 3512 A
941 3458 953 3531 Η
978 3456 1014 3512 25
1053 3456 1133 3510 iduci

107 3527 264 3584 Pincianus
282 3525 385 3581 deduci
398 3528 426 3581 A
