2438 3846
393 202 441 256 DE
460 200 524 256 IRA
543 201 609 257 [ΑΒ.
624 200 671 256 111.
700 200 849 258 CAP.'1.8
1067 204 1130 269 ll'l

110 349 139 414 si
167 348 285 414 videris
317 348 400 413 feras
429 369 556 432 quoque
588 347 739 414 convictu
768 351 880 413 nostro
912 368 1132 413 mansuescere

109 439 255 522 nullique
283 437 380 503 etiam
406 436 540 501 immani
567 437 688 502 bestiae
714 437 782 501 vim
815 458 906 502 suam
937 458 1131 521 permanere,

110 528 139 594 si
173 527 314 593 hominis
347 527 593 592 contubernium
629 526 685 591 diu
722 548 817 610 passa
853 529 915 591 est:
951 526 1132 592 retunditur

111 617 215 682 omnis
248 616 403 701 asperitas
435 615 655 700 paulatimque
682 616 767 680 inter
793 616 921 700 placida
950 615 1131 681 dediscitur.

79 705 233 771 raecedit
255 706 334 790 huc,
357 705 444 789 qnod
465 727 532 769 non
555 709 682 770 tentum
707 705 854 788 exemplo
878 704 992 770 melior
1014 705 1053 768 fit
1076 705 1132 790 qui

109 817 184 860 cum
203 796 320 879 quietis
343 794 528 860 hominibus
546 795 636 879 vivit,
659 794 716 858 sed
735 794 822 878 quod
840 814 952 860 causas
975 794 1132 860 irascendi

108 907 176 950 non
203 885 326 949 invenit
353 905 413 948 nec
434 883 551 948 vitium
580 906 674 948 suum
703 887 835 948 exercet.
884 883 995 969 fugere
1023 884 1132 968 itaque

109 973 238 1040 debebit
264 975 369 1039 omnis
393 994 474 1056 quos
497 972 685 1038 inritaturos
708 973 907 1039 iracundiam
929 973 1016 1038 sciet.
1063 972 1167 1057 ‘quis

110 1061 201 1128 sunt'
223 1063 331 1147 inquis
355 1061 463 1126 ‘isti?'
487 1063 582 1127 multi
601 1084 640 1127 ex
658 1062 755 1127 variis
775 1062 879 1128 causis
897 1061 982 1127 idem
1001 1063 1132 1128 facturi:

65 1176 91 1217 ιο
110 1150 250 1216 offendet
291 1156 322 1216 te
361 1152 518 1235 superbus
557 1155 758 1235 contemptu,
798 1151 890 1216 dicax
928 1151 1131 1235 contumelia,

108 1241 258 1325 petulans
273 1240 399 1324 iniuria,
413 1241 532 1305 lividus
545 1241 756 1326 malignitate,
770 1262 903 1325 pugnax
917 1241 1130 1324 contentione,

108 1334 261 1396 ventosus
288 1333 320 1394 et
347 1329 486 1395 mendax
511 1329 666 1413 vanitate3
694 1352 762 1395 non
794 1330 875 1395 feres
904 1352 924 1394 a
952 1330 1130 1414 suspicioso

108 1418 229 1502 timeri,
261 1441 280 1483 a
309 1419 472 1502 pertinace
499 1418 600 1503 vinci,
631 1441 650 1483 a
682 1418 818 1484 delicato
851 1419 998 1485 fastidiri.
1048 1418 1166 1505 eliges

108 1507 281 1593 simplices,
298 1508 421 1592 faciles,
436 1507 629 1592 moderatos,
646 1508 703 1591 qui
720 1509 802 1574 iram
820 1511 910 1574 tuam
924 1530 984 1575 nec
998 1511 1131 1574 evocent

62 1620 89 1661 se
108 1601 142 1662 et
163 1599 281 1682 ferant3
304 1597 408 1684 magis
431 1596 537 1662 adhuc
559 1597 736 1683 proderunt
759 1597 923 1663 summissi
945 1602 978 1663 et
997 1597 1132 1663 humani

108 1691 141 1753 et
174 1687 299 1771 dulces,
333 1708 400 1752 non
435 1692 545 1751 tamen
580 1707 682 1770 usque
718 1686 754 1752 in
789 1686 1021 1771 adulationem,
1055 1709 1130 1752 nam

107 1774 278 1841 iracundos
305 1776 406 1841 nimia
433 1775 612 1841 adsentatio
636 1776 782 1842 offendit:
810 1780 878 1842 erat
901 1779 986 1842 certe
1009 1775 1167 1846 amicusc

107 1869 217 1931 noster
243 1866 439 1949 virbonus,
471 1865 527 1931 sed
554 1866 619 1930 irae
647 1866 831 1950 paratioris,
859 1866 912 1931 cni
934 1888 1001 1932 non
1028 1866 1131 1952 magis

107 1957 214 2021 tutum
228 1960 297 2020 erat
310 1955 449 2021 blandiri
463 1976 560 2039 quam
575 1955 785 2021 maledicere.
814 1954 958 2021 (laelium
972 1959 1131 2020 oratorem

63 2066 89 2106 ee
108 2043 206 2109 fuisse
242 2044 523 2110 iracundissimum
556 2047 690 2110 constat.
746 2066 819 2110 cum
852 2066 930 2130 quc,
961 2049 1000 2110 ut
1031 2045 1130 2128 aiunt,

107 2134 241 2198 cenabat
259 2134 295 2199 in
312 2133 461 2200 cubiculo
479 2133 581 2199 lectae
599 2133 772 2218 patientiae
791 2134 904 2217 cliens,
925 2133 981 2199 sed
999 2133 1131 2199 difficile

107 2225 175 2287 erat
206 2222 257 2286 illi
291 2223 327 2286 in
363 2223 513 2308 copulam
545 2223 691 2289 coniecto
723 2224 826 2288 rixam
858 2223 927 2288 eius
959 2244 1033 2288 cum
1065 2243 1130 2306 quc

107 2311 298 2376 cohaerebat
311 2311 465 2397 effugere3
484 2311 644 2396 optimum
658 2312 813 2378 iudicavit
825 2310 984 2396 quidquid
998 2311 1131 2376 dixisset

108 2399 200 2484 sequi
218 2404 250 2464 et
268 2401 423 2465 secundas
442 2421 544 2486 agere.
579 2423 646 2466 non
663 2402 740 2466 tulit
754 2399 880 2467 (laelius
899 2400 1129 2466 adsentientem

63 2509 89 2548 ss
107 2492 140 2552 et
176 2487 380 2554 exclamavit:
418 2489 485 2554 ‘dic
519 2489 641 2574 aliquid
677 2494 804 2573 centra,
834 2494 872 2555 ut
904 2490 967 2570 duo
1000 2488 1130 2554 simus!'

108 2576 163 2642 sed
199 2577 255 2642 ille
291 2597 435 2662 quoque,
470 2578 557 2661 quod
592 2601 658 2644 non
689 2578 892 2662 irasceretur,
927 2577 1028 2643 iratus
1064 2577 1129 2644 cito

107 2665 176 2731 sine
204 2665 385 2732 adversario
413 2666 503 2732 desit.
555 2668 711 2756 eligamus
739 2689 817 2753 ergo
845 2667 897 2746 vel
923 2667 984 2732 hes
1011 2666 1164 2752 potina?

107 2755 136 2820 si
158 2755 280 2821 conscii
301 2755 395 2821 nobis
417 2755 600 2822 iracundiae
619 2777 741 2840 sumus,
763 2756 819 2839 qui
837 2757 963 2821 vultum
981 2759 1129 2821 nostrum

107 2867 145 2910 ac
172 2866 352 2911 sermonem
380 2848 568 2929 sequantur:
595 2847 715 2913 facient
737 2844 867 2929 quidem
889 2866 949 2910 nos
976 2845 1129 2910 delicatos

61 2955 88 2996 ce
107 2938 139 2999 et
175 2934 209 2998 in
245 2934 364 2999 malam
405 2934 669 3001 consuetudinem
705 2934 859 3000 inducent
898 2934 981 2999 nihil
1017 2938 1130 2999 contra

106 3024 306 3089 voluntatem
325 3022 489 3108 audiendi,
512 3024 567 3089 sed
585 3023 729 3108 proderit
746 3024 826 3088 vitio
846 3045 905 3088 suo
924 3024 1128 3088 intervallum

107 3115 139 3176 et
167 3112 306 3197 quietem
335 3112 418 3177 dare.
464 3112 612 3178 difficiles
636 3134 765 3198 quoque
788 3117 821 3178 et
844 3111 992 3176 indomiti
1015 3115 1132 3176 natura

196 3356 355 3413 thominie
369 3360 412 3414 Αὅ
429 3361 460 3415 ia
478 3377 534 3415 rae.
553 3358 681 3415 homines
699 3366 731 3415 at
747 3359 803 3415 oid.
818 3356 895 3484 11¹1!
917 3357 952 3413 1c
973 3361 1002 3413 te
1022 3359 1055 3414 ie
1073 3376 1127 3414 rae.

107 3430 150 3484 11⁸
166 3428 177 3503 ΙΙ
198 3429 235 3485 lc
253 3429 429 3485 adulticnem
442 3431 470 3486 A
488 3447 557 3486 corr.
576 3431 645 3575 volp.
703 3430 739 3486 28
757 3430 876 3486 cohaere
897 3432 927 3484 at
948 3430 1029 3485 Gertz
1049 3430 1128 3500 bere-

106 3499 158 3555 bat
171 3499 233 3584 All
247 3501 289 3556 ’27
309 3501 384 3556 desit
396 3503 425 3557 A
444 3501 506 3557 -siit
523 3502 592 3573 ecly.
614 3501 619 3574 Ι
701 3500 837 3557 difficiles
853 3543 860 3556 .
877 3542 884 3554 .
902 3545 908 3556 .
925 3500 1044 3556 ,terent
1057 3500 1150 3548 carta

106 3570 232 3640 diffieile
247 3614 253 3627 .
269 3614 276 3628 .
291 3615 297 3628 .
314 3615 320 3627 .
335 3572 407 3628 feret
421 3573 483 3629 An
