2438 3846
320 172 370 227 DE
388 171 453 226 nte
471 169 538 226 LIB.
552 169 599 226 111.
632 170 708 226 GAP.
724 177 766 227 24.
782 177 824 226 25.
840 177 874 227 26
893 201 894 204 ¹
1047 173 1111 240 136

94 322 182 403 cant,
205 318 295 384 cuius
317 339 384 384 non
407 339 496 383 error
516 318 634 383 bonam
659 338 787 383 causam
810 316 929 401 habet?
965 316 1112 402 respicia

95 431 167 474 mus
191 408 339 491 quotiens
363 405 579 472 adulescentia
601 410 713 471 nostra
738 405 774 470 in
797 406 906 472 officio
929 428 1043 492 parum
1068 407 1113 471 di-

94 500 198 585 ligens
221 497 334 580 fuerit,
356 497 391 561 in
415 518 561 562 sermone
583 517 697 580 parum
721 495 879 579 modesta,
902 497 936 560 in
959 497 1035 561 vino
1059 518 1114 580 pa·

95 610 176 671 rum
189 590 379 671 temperans.
418 586 445 652 si
467 587 568 650 iratus
592 588 655 669 est,
678 585 789 651 demus
807 584 858 650 illi
875 585 1030 671 spatium,
1049 607 1113 669 quo

64 698 77 740 s
96 676 251 760 dispicere
275 675 353 759 quid
375 675 488 741 fecerit
509 674 626 758 possit:
648 674 717 758 ipse
741 696 775 739 se
798 675 977 760 castigabit.
1028 674 1114 740 deni·

97 786 159 850 que
182 765 295 830 debeat
317 786 450 848 poenas:
474 785 542 828 non
565 766 614 828 est
637 763 724 847 quod
747 785 821 828 cum
844 763 902 828 illo
925 763 1017 848 paria
1038 763 1115 829 faci·

97 877 196 920 amus.
243 852 325 918 illud
351 875 418 918 non
444 853 552 917 veniet
574 854 610 917 in
632 852 779 936 dubium,
803 853 882 937 quin
905 875 938 918 se
962 852 1149 920 exemerit3

96 944 208 1008 turbae
241 947 272 1007 et
304 942 400 1007 eitius
431 942 556 1007 steterit
579 941 725 1027 quisquis
748 941 894 1026 despexit
915 942 1115 1008 lacessentist

96 1033 264 1119 proprium
283 1035 332 1097 est
349 1031 580 1118 magnitudinis
594 1053 687 1096 verae
702 1053 769 1096 non
783 1032 901 1096 sentire
918 1052 1114 1116 percussum.

52 1144 79 1185 10
97 1123 144 1189 sio
167 1123 305 1187 inmanis
324 1121 393 1186 fera
416 1121 456 1185 ad
475 1121 627 1185 latratum
652 1140 768 1186 canum
790 1120 878 1185 lenta
895 1121 1048 1205 respexit,
1070 1120 1116 1185 sic

96 1212 212 1277 inritus
235 1210 359 1296 ingenti
382 1209 516 1294 scopulo
540 1210 657 1275 fluctus
685 1208 834 1274 adsuitat.
874 1209 930 1294 qui
958 1231 1027 1274 non
1056 1209 1117 1273 ira·

97 1302 211 1386 scitur,
230 1301 440 1366 inconcussus
459 1299 577 1363 iniuria
594 1299 745 1384 perstitit,
763 1298 819 1384 qui
837 1299 993 1382 irascitur,
1010 1302 1116 1363 motus

97 1394 153 1455 est.
207 1393 241 1454 at
269 1389 337 1473 ille,
365 1410 461 1472 quem
490 1387 587 1453 modo
616 1389 764 1454 altiorem
794 1389 882 1453 omni
910 1388 1152 1454 incommodae

97 1481 205 1564 posui,
236 1481 324 1543 tenet
356 1478 508 1562 amplexu
541 1477 681 1562 quodam
704 1498 866 1542 summum
889 1478 1027 1561 bonum,
1057 1497 1118 1542 nec
1208 1549 1214 1566 ⁸

53 1588 79 1630 rs
97 1568 222 1634 homini
249 1571 390 1650 tantum,
422 1566 478 1632 sed
506 1567 569 1651 ipsi
596 1566 744 1631 fortunae
767 1567 951 1650 respondet:
998 1566 1119 1631 ‘omnia
1210 1588 1212 1591 ’

96 1658 173 1722 licet
195 1657 309 1738 facias,
331 1655 503 1740 minores,
527 1676 624 1739 quam
648 1659 686 1720 ut
708 1655 911 1721 serenitatem
936 1677 1040 1721 meam
1064 1655 1118 1720 ob

98 1747 203 1812 ducas.
236 1749 325 1811 vetat
342 1744 405 1812 hoc
423 1745 519 1829 ratio,
544 1745 596 1811 cui
615 1744 715 1810 vitam
737 1745 911 1831 regendam
935 1744 1015 1809 dedi.
1044 1744 1118 1829 plus

97 1836 179 1903 mihi
196 1836 345 1901 nocitura
363 1839 413 1902 est
434 1835 483 1900 ira
502 1855 599 1919 quam
622 1833 756 1900 iniuria:
776 1834 887 1919 quidni
906 1833 1002 1918 plus?
1030 1833 1118 1898 illius

97 1924 212 1990 modus
240 1928 346 1990 certus
375 1927 437 2009 est,
460 1924 524 1990 ista
552 1945 616 2009 quo
643 1945 745 2008 usque
777 1947 828 1989 me
859 1925 966 1989 lature
993 1923 1036 1989 sit
1063 1923 1119 1988 du·

52 2035 79 2077 ao
97 2014 186 2078 bium
210 2014 279 2078 est'

187 2101 305 2169 XXVI.
343 2100 431 2168 ‘Non
457 2101 602 2187 possum'
625 2101 731 2186 inquis
761 2101 854 2188 ‘pati3
881 2124 978 2188 grave
1001 2106 1050 2168 est
1073 2102 1158 2172 int

98 2192 214 2257 iuriam
245 2191 421 2258 sustinere?
466 2192 626 2257 mentirisr
658 2192 731 2276 quis
759 2193 845 2257 enirn
873 2192 1025 2257 iniuriam
1053 2213 1120 2256 non

98 2284 206 2367 potest
235 2283 330 2366 ferre,
361 2281 417 2367 qui
446 2284 554 2365 potest
583 2281 686 2374 iram?
736 2281 825 2348 adice
854 2302 940 2349 nunc
970 2281 1057 2365 quod
1087 2280 1120 2345 id

98 2373 182 2459 agis,
211 2376 249 2436 ut
278 2374 310 2437 et
339 2371 420 2435 iram
447 2370 531 2436 feras
559 2374 592 2435 et
618 2370 776 2436 iniuriam.
823 2393 921 2455 quare
944 2370 1008 2436 fers
1032 2371 1121 2457 aegri

53 2480 80 2523 ae
98 2462 219 2534 rabiem
233 2464 266 2526 et
283 2460 462 2545 phrenetici
480 2460 589 2543 verba,
608 2480 782 2544 puerorum
800 2464 966 2544 protervas
985 2459 1121 2524 manus?

98 2571 214 2634 nempe
238 2550 314 2634 quia
336 2548 486 2614 videntur
507 2549 630 2614 nescire
653 2547 731 2634 quid
754 2549 881 2614 faciant.
925 2549 1002 2633 quid
1025 2549 1120 2613 inter·

99 2642 160 2722 est,
184 2660 249 2722 qno
273 2639 409 2724 quisque
431 2638 511 2703 vitio
531 2638 589 2703 fiat
606 2637 804 2723 inprudens?
839 2638 1044 2722 inprudentia
1062 2658 1121 2721 par

99 2731 134 2794 in
157 2728 305 2794 omnibus
328 2728 545 2813 patrocinium
568 2732 624 2793 est.
672 2727 766 2813 ‘quid
781 2727 903 2814 -ergot'
925 2727 1034 2813 inquis
1057 2726 1155 2794 ‘in-a

99 2840 185 2903 pune
208 2818 258 2883 illi
280 2815 378 2882 eritt'
413 2820 493 2902 puta
510 2818 593 2882 velle
611 2821 656 2902 te,
674 2821 783 2890 tamen
800 2840 867 2883 non
885 2817 959 2902 erit3
981 2817 1122 2883 maxime

53 2927 80 2968 co
99 2911 147 2973 est
177 2908 263 2972 enim
290 2907 393 2972 fectae
420 2906 556 2971 iniuriae
578 2929 683 2992 poena
704 2907 831 2992 fecisse,
860 2929 920 2973 nee
950 2907 1121 2994 quisquam

99 2997 229 3082 gravius
253 2995 402 3062 adficitur
424 3017 522 3080 quam
546 2997 602 3080 qui
625 2996 665 3061 ad
689 2997 884 3082 supplicium
907 2997 1120 3080 paenitentiae

99 3085 245 3150 traditur.
299 3083 412 3151 deinde
444 3083 484 3149 ad
517 3085 739 3151 condicionem
770 3108 877 3151 rerum
908 3085 1155 3152 humanarume

100 3174 335 3260 respiciendum
354 3177 415 3259 est,
438 3179 475 3240 ut
493 3176 638 3240 omniurn
657 3175 869 3241 accidentium
888 3176 982 3260 aequi
1000 3176 1121 3241 iudices

192 3333 207 3388 7
222 3331 408 3388 exsemeritrt
427 3333 431 3405 t
444 3333 462 3388 e
475 3333 580 3387 sentire
594 3348 756 3402 percussum
765 3334 828 3389 AL
843 3335 943 3400 <se>
959 3350 980 3388 s.
989 3350 1017 3402 p.
1029 3333 1074 3388 vel
1093 3333 1124 3407 ‚tt

100 3403 136 3458 14
154 3403 258 3478 posuis(
268 3404 297 3459 Α
314 3404 394 3474 (erae
408 3406 422 3459 t
449 3405 460 3476 [Ι
477 3402 513 3459 15
530 3403 586 3473 ipsi
604 3420 673 3459 corr.
689 3421 723 3460 en
740 3405 801 3474 ipsa
815 3404 843 3458 A
860 3404 870 3475 tt
887 3402 923 3461 ab
941 3406 1013 3473 puta
1026 3420 1062 3458 ue
1085 3407 1122 3461 et.

100 3475 228 3600 iem?
241 3473 284 3530 Αι
300 3473 379 3544 fort,
397 3491 465 3531 corr.
480 3475 523 3530 κί’
539 3474 551 3548 lt
572 3473 608 3531 80
626 3472 721 3530 factae
738 3475 861 3530 iniuriae
878 3476 946 3547 oclq.
966 3473 1062 3531 fectae
1080 3477 1123 3530 in-
