2438 3846
229 153 280 209 uo
299 127 491 212 rouretum
508 152 559 208 nu
578 151 856 210 consensurum
876 152 984 210 canc
1053 156 1119 222 323

98 300 251 389 adquae
277 297 407 387 'generis
436 297 571 365 humaui
600 320 694 365 caeca
723 299 882 385 cupiditas
913 299 1120 384 obstupescit,

98 411 173 458 cum
189 388 300 456 labore
317 388 536 474 possidentur,
560 410 635 454 cum
652 388 774 454 invidia
792 388 1048 473 conspiciuntur,
1066 410 1120 455 eos

98 478 236 564 denique
262 477 366 564 ipsos,
394 498 475 563 quos
505 481 675 561 exornant,
707 480 740 543 et
768 481 932 563 premunt3
959 478 1033 564 plus
1063 477 1121 543 mi·

97 570 217 634 uantur
246 588 344 653 quam
373 571 523 654 prosunt3
550 566 676 633 lubrica
705 570 737 632 et
763 567 885 633 incerta
912 571 1001 652 sunt,
1029 589 1122 634 uum·

66 679 197 742 squam
219 656 301 723 bene
323 659 488 742 tenentur5
514 678 591 722 nam
613 659 652 721 ut
673 655 758 721 nihil
779 655 819 722 de
841 659 987 742 tempere
1009 655 1121 722 futuro
1195 721 1197 724 ,

98 747 265 831 timeatur,
287 746 359 831 ipsa
381 749 490 822 tamen
511 766 647 834 magnae
670 743 842 812 felicitatis
857 745 960 812 tutela
983 744 1122 812 sollicita

99 840 156 902 est
193 835 222 901 si
239 835 320 901 velis
339 834 466 901 credere
484 834 580 900 altius
599 833 769 900 ueritatem
783 833 997 920 intuentibus,
1016 834 1156 902 omnus

98 924 167 990 uita
194 925 392 1011 supplicium
419 927 481 989 eat:
507 923 543 989 in
569 924 633 990 hoc
655 923 853 1008 profundum
876 923 1122 1009 inquietumque

99 1013 236 1100 proiecti
265 1035 368 1098 mare,
397 1012 529 1078 alternis
560 1012 702 1080 aestibus
732 1012 933 1097 reciprocum
963 1016 995 1078 et
1024 1013 1122 1080 mode

53 1118 81 1172 io
99 1103 242 1168 allevans
265 1124 324 1168 nos
349 1101 464 1168 subitis
483 1101 704 1188 incrementis,
725 1103 822 1168 modo
841 1101 1017 1168 maioribus
1036 1102 1122 1168 dam·

98 1191 149 1257 nis
173 1190 320 1258 deferens
343 1192 535 1276 assidueque
557 1192 694 1276 iactans,
715 1213 893 1275 numquam
916 1191 1025 1258 stabili
1047 1212 1122 1258 con-

100 1279 243 1346 sistimus
264 1280 356 1365 loco,
385 1280 562 1364 pendemus
590 1284 623 1346 et
644 1280 841 1347 fluctuamur
863 1285 895 1346 et
918 1280 1000 1346 alter
1020 1280 1056 1346 in
1078 1281 1123 1347 al·

98 1375 205 1436 terum
246 1369 404 1435 illidimur
444 1372 476 1434 et
516 1370 690 1455 aliquando
731 1369 936 1457 naufragium
976 1368 1122 1456 facimus,

99 1481 226 1545 semper
252 1458 419 1544 timemus-3
446 1459 481 1524 in
507 1457 570 1525 hoo
597 1463 664 1525 tam
688 1460 868 1545 procelloso
892 1463 924 1524 et
947 1460 988 1525 ed
1011 1475 1156 1526 omnes?

53 1574 80 1617 rs
97 1550 305 1634 tempestates
333 1548 481 1633 exposito
508 1549 591 1614 mari
617 1549 844 1636 navigantibus
871 1550 981 1615 nullus
1009 1553 1122 1635 portus

58 1686 61 1690 -
98 1636 163 1703 nisi
185 1638 300 1704 mortis
319 1641 376 1704 ast.
412 1659 454 1703 ne
472 1639 582 1722 itaqua
599 1638 752 1704 invideris
771 1637 864 1703 fratri
882 1642 954 1704 tuo:
978 1637 1122 1722 quiescit.

98 1725 230 1792 tandem
266 1727 363 1811 liber,
402 1726 533 1792 tandem
568 1731 673 1812 tutus,
712 1727 843 1792 tandem
880 1732 1027 1794 aeternus
1065 1732 1122 1794 est.

100 1816 306 1901 superstitem
335 1814 502 1882 Caesarem
530 1838 722 1902 omnemque
752 1817 820 1882 eius
847 1818 987 1901 prolem,
1015 1839 1123 1902 super-

100 1905 209 1972 stitem
231 1911 264 1972 te
288 1927 363 1972 cum
386 1906 610 1971 communibus
633 1906 731 1971 habet
751 1904 913 1971 fratribus,
951 1909 1123 1991 antequam

53 2019 82 2060 ro
100 1993 274 2079 quicquam
298 2017 337 2060 ex
361 2016 419 2060 suo
442 1992 553 2061 favore
575 1993 707 2060 fortuna
729 1999 884 2080 mutaret,
907 1999 1046 2061 stantem
1070 1996 1123 2061 ad·

98 2082 164 2150 huc
187 2084 278 2149 illam
302 2087 334 2149 et
356 2106 490 2150 munera
507 2085 603 2169 plena
621 2106 719 2149 manu
738 2089 965 2172 congerentem
983 2086 1122 2170 reliquit

99 2171 220 2238 fruitur
247 2195 334 2239 nunc
365 2176 476 2258 aperto
504 2176 536 2238 et
563 2173 666 2238 libero
690 2174 794 2258 caelo,
823 2195 863 2238 ex
885 2173 1003 2239 humili
1026 2178 1158 2259 atquae

100 2261 252 2347 depresso
275 2262 310 2326 in
333 2283 407 2328 eum
430 2261 562 2328 emicuit
583 2262 707 2348 locum,
732 2264 879 2348 quisquis
902 2263 958 2329 ille
982 2268 1045 2348 est,
1067 2263 1124 2348 qui

99 2351 222 2418 solutas
254 2350 393 2418 vinculis
425 2352 548 2416 animas
579 2351 675 2417 beato
707 2353 823 2436 recipit
854 2352 941 2438 sinu,
973 2357 1006 2418 et
1036 2375 1124 2418 nunc

54 2463 82 2506 se
100 2439 200 2507 libere
222 2439 292 2507 illic
313 2443 451 2527 vagatur
472 2440 645 2526 omniaque
667 2463 775 2506 rerum
793 2445 926 2507 naturae
944 2443 1030 2507 bona
1049 2463 1123 2508 cum

101 2551 229 2595 summa
251 2530 418 2615 voluptate
441 2529 604 2615 perspicit.
645 2552 747 2596 erras:
769 2552 836 2596 non
859 2532 999 2617 perdidit
1016 2533 1122 2597 lucem

100 2618 200 2685 frater
222 2623 313 2704 tuus,
336 2619 392 2684 sed
415 2619 621 2686 sinceriorem
645 2621 782 2685 sortitus-
798 2625 855 2686 est.
897 2622 1046 2687 omnibus
1064 2621 1157 2687 illoe

98 2707 193 2774 nobis
217 2729 388 2774 commune
411 2713 459 2774 est
476 2709 550 2774 iter:
574 2710 653 2794 quid
669 2709 738 2773 fata
756 2709 932 2776 deflemus?
967 2733 1034 2776 non
1051 2711 1123 2777 reli-

100 2797 173 2882 quit
204 2797 260 2863 ille
291 2819 352 2864 uos
384 2798 440 2864 sed
472 2799 651 2865 antecessit.
698 2798 780 2885 [29]
814 2803 877 2885 est,
908 2799 989 2866 mihi
1021 2799 1124 2885 crede,

189 2955 208 3012 2
228 2972 276 3012 eos
296 2955 419 3026 denique
440 2955 517 3026 ipaos
538 2957 635 3012 Haase
652 2974 667 3012 e
685 2957 742 3012 cod.
762 2959 841 3014 Rom.
860 2959 1039 3028 Daiecampii
1063 2974 1124 3015 eos-

100 3027 222 3097 demque
240 3028 317 3098 ipsoe
336 3029 360 3084 (J
381 3027 543 3098 aedemque
561 3028 633 3098 ipsis
651 3030 673 3098 (i
690 3030 723 3084 iu
740 3031 837 3099 litura)
850 3030 878 3084 Β
892 3029 902 3103 tt
915 3030 952 3084 10
968 3030 1052 3085 modo
1070 3047 1122 3086 om.

100 3097 161 3227 Bdt
185 3098 221 3154 1e
244 3101 350 3168 <ue>
374 3099 555 3170 naufragium
578 3099 717 3155 faciamus
738 3101 859 3158 Goereur
882 3101 893 3174 ΙΙ
917 3100 954 3156 14
979 3102 1016 3156 ad
1042 3100 1125 3158 Gertz

99 3187 131 3227 co
154 3215 160 3227 .
182 3172 248 3227 diat.
270 3172 314 3226 VI
333 3175 391 3240 9,3
413 3188 457 3242 qu.
479 3178 536 3227 aut.
558 3173 578 3226 1
596 3177 640 3240 16,
655 3176 687 3240 4,·
712 3173 793 3228 addit
812 3174 887 3229 lieet
909 3173 977 3229 dial.
998 3173 1049 3229 IX
1065 3177 1124 3241 e,9

101 3242 171 3298 XII
185 3247 244 3311 2,4
262 3244 338 3312 epist.
353 3246 410 3312 7,3
427 3241 460 3326 iu
480 3243 503 3299 0
506 3242 529 3370 (p
549 3242 585 3297 18
602 3244 686 3300 uerba
704 3243 851 3300 Caesarem
872 3285 922 3301 ...
942 3243 1123 3369 superstitem

100 3329 152 3370 eus.
167 3314 196 3369 Β
213 3312 223 3387 tt
240 3312 276 3368 le
295 3313 490 3369 communibus
546 3313 677 3370 omnibus
696 3314 857 3386 Gatoolq.
875 3314 978 3388 112511
998 3330 1045 3370 ere
1062 3314 1123 3371 illic

101 3385 130 3440 Β
147 3383 236 3440 libere
250 3384 321 3440 ΒΗ
324 3384 350 3440 G
367 3391 393 3442 at
409 3386 479 3456 culp.
496 3383 570 3440 liber
585 3386 616 3441 D
635 3385 697 3441 illie
714 3385 803 3442 libere
823 3386 872 3459 Vll
894 3385 930 3440 26
948 3385 1085 3457 perspicit
1101 3387 1124 3443 0

100 3454 224 3526 percipit
235 3455 368 3525 Gonane,
381 3461 486 3513 rectem
499 3456 594 3512 dubito
609 3456 613 3529 Ι
629 3457 756 3528 perdidit
768 3458 837 3528 culp.
852 3457 982 3526 perdito
1017 3457 1052 3514 27
1067 3457 1123 3515 sin·

101 3527 236 3583 cariorem
256 3526 339 3585 Getta
357 3527 525 3585 securiorem
540 3528 564 3585 O
580 3529 705 3587 seeuuor
720 3530 766 3587 eet
781 3529 813 3587 H
826 3528 981 3600 puriorem
1082 3531 1089 3542 “

880 3631 939 3688 W.
