2438 3846
120 120 185 186 318
316 115 346 171 L.
361 114 503 170 nurum
521 113 686 169 SENECAE
704 113 799 169 DIAL.
814 112 943 169 1113.ss

121 261 269 328 secundis
295 260 346 326 uti
373 260 501 326 dextere
525 260 620 344 scias,
648 281 690 324 an
712 263 745 324 et
767 259 916 325 adversas
939 257 1043 343 possis
1066 258 1141 324 viri-

85 351 196 420 sliter
221 350 319 416 ferre:
346 349 558 414 observantur
585 348 672 414 oculi
698 348 756 412 tui.
801 348 953 413 liberiora
975 351 1050 413 suut
1074 370 1140 413 om·

120 440 176 506 nia
197 440 250 524 iis,
278 460 416 524 quorum
439 438 572 504 affectus
595 439 663 523 tegi
685 441 835 523 possunt3
862 436 922 502 tibi
944 437 1071 502 nullum
1094 458 1141 504 se

122 532 244 595 cretum
271 528 409 593 liberum
431 531 488 594 est.
534 526 570 592 in
591 528 695 592 multe
716 528 788 592 lucc
811 526 942 591 fortuna
962 529 996 590 tc
1018 526 1142 611 posuit;

122 639 233 683 omnes
256 616 371 701 scient,
395 615 557 700 quomodo
580 620 613 681 te
635 616 670 679 in
688 614 751 680 isto
770 618 827 679 tuo
847 614 982 701 gesseris
1001 615 1142 696 vulnere,
1175 636 1187 678 s

121 711 272 772 utrumne
291 705 400 772 stetim
419 725 589 789 percussus
608 726 697 769 arma
715 703 913 770 summiseris
932 726 974 768 an
991 702 1027 768 in
1040 704 1143 790 gradu

123 795 257 861 steteris.
303 795 381 859 olim
404 798 437 859 te
455 793 656 860 inaltiorem
675 793 821 858 ordinem
840 796 871 857 ct
890 814 981 858 amor
999 790 1143 859 Caesaris

123 884 238 951 extulit
256 887 289 949 et
306 887 363 948 tua
381 882 488 949 studia
501 881 688 949 eduxerunt.
724 865 809 947 nihil
820 885 854 947 te
867 881 1029 966 plebeium
1044 882 1145 975 dccet,

122 973 205 1038 nihil
226 973 357 1038 humile.
404 972 481 1057 quid
505 975 612 1038 eutem
634 975 703 1038 tsm
725 971 847 1042 humile
865 993 903 1036 ac
921 972 1076 1037 muliebre
1095 975 1145 1037 est

88 1081 221 1147 equam
245 1061 497 1127 consumendum
521 1082 563 1126 se
579 1061 684 1125 dolori
706 1060 929 1126 committere?
972 1082 1040 1125 non
1058 1060 1144 1126 idem
1163 1083 1189 1125 ro

123 1151 184 1215 tibi
206 1151 241 1214 in
261 1151 354 1216 luctu
376 1149 447 1236 pari
470 1150 557 1233 quod
579 1149 644 1214 tuis
667 1149 821 1214 iratribus
844 1149 935 1233 licet3
958 1150 1061 1214 multa
1082 1149 1145 1214 tibi

122 1261 190 1304 non
207 1238 366 1323 permittit
384 1239 494 1323 opinio
514 1237 552 1304 de
571 1238 687 1303 studiis
706 1260 744 1303 ac
762 1237 905 1303 moribus
923 1237 989 1302 tuis
1007 1242 1144 1323 recepta,

123 1328 263 1394 multum
286 1351 305 1392 a
326 1331 360 1392 te
381 1327 529 1393 homines
553 1326 701 1413 exigunt,
728 1328 868 1392 multum
891 1330 1070 1412 expectant.
1117 1327 1146 1394 si

124 1417 254 1482 volebas
286 1416 346 1481 tibi
378 1416 487 1481 omnia
508 1415 627 1500 licere,
657 1438 699 1481 ne
728 1416 939 1481 convertisses
966 1416 1002 1480 in
1028 1419 1061 1480 te
1089 1436 1146 1481 ora

125 1505 283 1570 omnium:
310 1527 397 1571 nunc
419 1508 546 1569 tantum
569 1505 630 1570 tibi
651 1505 878 1588 praestandum
902 1508 965 1588 est,
987 1507 1145 1590 quantum
1164 1528 1190 1570 rs

124 1593 309 1680 promisisti.
355 1615 467 1659 omnes
494 1594 557 1679 illi,
585 1594 641 1678 qui
668 1615 767 1678 opera
788 1594 910 1680 ingenii
932 1593 981 1658 tui
1002 1593 1145 1674 laudant,

126 1682 182 1767 qui
204 1682 401 1766 describunt,
424 1682 554 1768 quibus,
578 1704 653 1749 cum
675 1683 885 1748 fortunatus
909 1703 990 1768 opus
1007 1705 1075 1747 nou
1095 1683 1145 1766 sit,

125 1771 254 1859 ingenio
282 1792 364 1857 opus
388 1776 450 1855 est,
478 1772 624 1838 custodes
648 1772 748 1836 animi
770 1771 819 1836 tui
842 1775 925 1838 sunt.
970 1771 1054 1836 nihil
1075 1794 1145 1836 um-

126 1882 223 1945 quam
245 1860 291 1925 ita
312 1865 405 1946 potes
427 1861 597 1948 indignum
618 1862 723 1927 facere
745 1861 880 1944 perfecti
898 1864 931 1926 et
949 1860 1067 1925 eruditi
1084 1861 1146 1926 riri

125 1950 337 2034 professione,
367 1954 405 2015 ut
435 1971 502 2014 non
534 1951 653 2015 multos
686 1950 907 2015 admirationis
938 1949 977 2014 de
1009 1953 1042 2014 te
1069 1971 1146 2015 suae
1164 1979 1191 2018 ro

90 2038 294 2123 spaeniteat.
339 2060 406 2104 nou
428 2038 505 2104 licet
527 2039 587 2103 tibi
609 2038 685 2103 flere
708 2038 893 2123 immodice,
914 2060 974 2104 uec
996 2038 1059 2104 hoo
1077 2042 1147 2103 tan-

126 2126 293 2191 tummodo
321 2148 388 2192 non
414 2126 503 2211 licet3
530 2149 571 2191 uc
595 2148 744 2191 somnum
768 2127 897 2210 quidem
921 2126 1146 2193 extenderem

127 2218 251 2300 partem
280 2214 344 2280 diei
365 2215 442 2281 licet
465 2219 521 2280 aut
543 2239 562 2280 a
584 2217 727 2280 tumultu
749 2239 856 2281 rerum
880 2216 914 2280 in
937 2216 1039 2283 otium
1062 2217 1146 2280 ruris

127 2304 228 2387 quieti
259 2304 431 2391 confugere
460 2307 517 2368 aut
544 2304 671 2369 assidua
698 2304 852 2369 laboriosi
880 2304 982 2370 officii
1009 2305 1147 2369 statione

126 2391 298 2480 fatigatum
321 2414 436 2478 corpus
456 2392 639 2477 voluptaria
656 2393 912 2479 peregrinatione
931 2415 1072 2459 recreare
1090 2397 1147 2458 aut
1165 2419 1192 2461 ae

128 2482 384 2566 spectaculorum
414 2483 567 2547 varietate
597 2482 738 2547 animum
770 2482 911 2549 detincre
939 2486 995 2547 eut
1022 2504 1062 2546 ex
1088 2485 1146 2547 tuo

128 2568 259 2635 arbitrio
287 2570 372 2636 diem
400 2569 576 2655 disponere.
623 2570 705 2656 [26]
734 2571 836 2636 multa
863 2571 923 2636 tibi
950 2593 1017 2635 non
1038 2571 1146 2656 licent,

93 2673 210 2742 oquae
231 2655 422 2724 humillimis
446 2663 478 2725 et
500 2659 535 2723 in
557 2659 677 2744 angulo
699 2659 877 2738 iacentibus
895 2660 1006 2725 licent:
1030 2681 1148 2746 magna

217 2834 233 2887 1
245 2833 289 2888 uti
303 2834 417 2889 dextere
430 2834 605 2903 Bouporsius
623 2833 666 2888 uti
680 2834 710 2898 id
725 2836 819 2890 extors
829 2836 857 2890 B
875 2835 919 2888 uti
932 2835 963 2889 id
977 2851 1106 2890 exercere
1116 2836 1152 2891 H

128 2904 172 2959 uti
185 2906 215 2959 ct
227 2907 256 2960 te
270 2921 398 2962 exercere
412 2906 478 2961 DE
494 2905 642 2975 indulgere
658 2906 685 2960 V
697 2905 708 2978 Η
725 2905 743 2960 c
757 2906 793 2960 iis
807 2908 875 2963 DE
889 2906 945 2961 hiis
960 2908 996 2962 H
1009 2907 1054 2960 his
1068 2907 1145 2978 ΒΗ

129 2975 188 3046 tcgi
209 2976 276 3031 DE
301 2977 362 3047 regi
381 2977 448 3031 ΒΗ
471 2976 486 3050 il¹
508 2976 650 3046 digradu
668 2977 697 3031 B
721 2978 851 3047 ingratus
870 2979 893 3034 0
916 2977 927 3050 li
950 2978 969 3033 8
991 2978 1149 3032 eduxerunt

129 3047 249 3118 Mcdca'p
266 3048 443 3103 deduxerunt
464 3050 487 3104 0
507 3047 518 3120 tl
543 3047 578 3102 15
596 3049 708 3102 tautum
722 3050 841 3119 Bentley
859 3050 954 3104 autem
969 3050 1036 3103 ΒΗ
1052 3051 1148 3103 autem

129 3118 240 3172 tentum
259 3120 357 3175 DEV
376 3120 387 3190 ii
410 3117 446 3174 ld
467 3120 622 3188 promisisti
641 3119 731 3174 omnis
749 3119 793 3174 illi
813 3163 819 3174 .
840 3163 846 3176 .
867 3137 936 3190 opus
956 3123 999 3175 est
1018 3119 1148 3174 custodes

129 3189 196 3244 DE
212 3204 280 3246 corr.
296 3190 411 3259 Lipsius
431 3190 586 3259 promisisti
604 3189 734 3245 omnibus
752 3191 810 3246 illis
829 3235 835 3248 .
856 3234 862 3246 .
882 3208 952 3260 opus
972 3193 1021 3245 est.
1056 3193 1148 3245 custo-

131 3259 179 3313 des
193 3261 261 3316 BH
270 3260 280 3334 Η
297 3259 334 3316 19
346 3259 466 3386 perfecti
480 3262 660 3318 ‘comessatio
674 3263 821 3318 Pincioni'
835 3270 861 3319 et
873 3280 947 3318 osius
960 3263 1023 3317 Pol.
1036 3262 1150 3318 &uteri

130 3329 249 3398 proiecti
270 3332 293 3388 0
315 3331 325 3404 ll
367 3331 481 3388 sucat:
505 3349 541 3389 ne
558 3334 677 3404 Bentley
699 3332 767 3389 licet
785 3350 838 3389 nec
852 3335 919 3389 BH
939 3333 1006 3388 lieet
1023 3331 1079 3388 tibi
1096 3349 1149 3388 nec

130 3401 196 3456 DE
212 3402 222 3472 lt
244 3402 280 3458 24
317 3403 388 3458 uieti
404 3404 431 3459 V
444 3410 469 3459 et
485 3415 561 3461 amus
579 3405 694 3460 Gruteri
717 3405 821 3474 quictis
842 3405 864 3460 0
881 3405 892 3477 tt
913 3405 950 3459 26
968 3421 1002 3460 ex
1019 3406 1069 3459 tuo
1084 3405 1154 3459 BH

129 3472 179 3526 tuo
191 3473 260 3529 DE
272 3473 285 3548 ll
298 3420 338 3530 dd
355 3474 514 3535 iacentibus
536 3476 559 3532 0
581 3474 736 3534 latentibus
757 3477 917 3546 Weeeabem
