<?xml version="1.0" encoding="UTF-8"?>
<!DOCTYPE html PUBLIC "-//W3C//DTD XHTML 1.0 Transitional//EN"
    "http://www.w3.org/TR/xhtml1/DTD/xhtml1-transitional.dtd">
<html xmlns="http://www.w3.org/1999/xhtml" xml:lang="en" lang="en">
 <head>
  <title>
</title>
<meta http-equiv="Content-Type" content="text/html;charset=utf-8" />
  <meta name='ocr-system' content='tesseract 3.04.00' />
  <meta name='ocr-capabilities' content='ocr_page ocr_carea ocr_par ocr_line ocrx_word'/>
</head>
<body>
  <div class='ocr_page' id='page_1' title='image "./lannaeisenecaeo02senegoog/lannaeisenecaeo02senegoog_0332.png"; bbox 0 0 2438 3846; ppageno 0'>
   <div class='ocr_carea' id='block_1_1' title="bbox 126 160 942 234">
    <p class='ocr_par' dir='ltr' id='par_1_1' title="bbox 126 160 942 234">
     <span class='ocr_line' id='line_1_1' title="bbox 126 160 942 234; baseline -0.001 -16"><span class='ocrx_word' id='word_1_1' title='bbox 126 165 192 234; x_wconf 83' lang='lat'><strong>300</strong></span> <span class='ocrx_word' id='word_1_2' title='bbox 330 162 517 219; x_wconf 60' lang='lat' dir='ltr'><strong>nunnius</strong></span> <span class='ocrx_word' id='word_1_3' title='bbox 535 161 699 221; x_wconf 70' lang='lat' dir='ltr'><strong>enuncia</strong></span> <span class='ocrx_word' id='word_1_4' title='bbox 717 160 942 220; x_wconf 73' lang='lat' dir='ltr'><strong>nunnius.</strong></span> 
     </span>
    </p>
   </div>
   <div class='ocr_carea' id='block_1_2' title="bbox 36 307 1190 3089">
    <p class='ocr_par' dir='ltr' id='par_1_2' title="bbox 104 307 1146 379">
     <span class='ocr_line' id='line_1_2' title="bbox 104 307 1146 379; baseline -0.005 0"><span class='ocrx_word' id='word_1_5' title='bbox 104 314 204 379; x_wconf 69' lang='lat' dir='ltr'><strong>‚sunt</strong></span> <span class='ocrx_word' id='word_1_6' title='bbox 230 308 404 375; x_wconf 78' lang='lat' dir='ltr'><strong>mendaciis</strong></span> <span class='ocrx_word' id='word_1_7' title='bbox 432 312 489 374; x_wconf 88' lang='lat' dir='ltr'><strong>aut</strong></span> <span class='ocrx_word' id='word_1_8' title='bbox 515 308 654 375; x_wconf 80' lang='lat' dir='ltr'><strong>similia?</strong></span> <span class='ocrx_word' id='word_1_9' title='bbox 699 330 774 374; x_wconf 86' lang='lat' dir='ltr'><strong>nam</strong></span> <span class='ocrx_word' id='word_1_10' title='bbox 797 312 835 374; x_wconf 90' lang='lat' dir='ltr'><strong>ut</strong></span> <span class='ocrx_word' id='word_1_11' title='bbox 858 307 1013 375; x_wconf 77' lang='lat' dir='ltr'><strong>concedas</strong></span> <span class='ocrx_word' id='word_1_12' title='bbox 1036 308 1146 374; x_wconf 91' lang='lat' dir='ltr'><strong>omnia</strong></span> 
     </span>
    </p>

    <p class='ocr_par' dir='ltr' id='par_1_3' title="bbox 124 397 1185 932">
     <span class='ocr_line' id='line_1_3' title="bbox 126 397 1146 483; baseline -0.001 -18"><span class='ocrx_word' id='word_1_13' title='bbox 126 420 181 465; x_wconf 86' lang='lat' dir='ltr'><strong>eos</strong></span> <span class='ocrx_word' id='word_1_14' title='bbox 213 399 277 465; x_wconf 89' lang='lat' dir='ltr'><strong>fide</strong></span> <span class='ocrx_word' id='word_1_15' title='bbox 308 399 394 465; x_wconf 92' lang='lat' dir='ltr'><strong>bona</strong></span> <span class='ocrx_word' id='word_1_16' title='bbox 427 398 545 482; x_wconf 88' lang='lat' dir='ltr'><strong>dicere,</strong></span> <span class='ocrx_word' id='word_1_17' title='bbox 575 401 613 465; x_wconf 89' lang='lat' dir='ltr'><strong>ut</strong></span> <span class='ocrx_word' id='word_1_18' title='bbox 645 397 685 463; x_wconf 90' lang='lat' dir='ltr'><strong>ad</strong></span> <span class='ocrx_word' id='word_1_19' title='bbox 716 399 965 483; x_wconf 74' lang='lat' dir='ltr'>praestationem</span> <span class='ocrx_word' id='word_1_20' title='bbox 993 398 1146 483; x_wconf 74' lang='lat' dir='ltr'><strong>scribant,</strong></span> 
     </span>
     <span class='ocr_line' id='line_1_4' title="bbox 124 487 1163 577; baseline -0.001 -22"><span class='ocrx_word' id='word_1_21' title='bbox 124 492 234 555; x_wconf 90' lang='lat' dir='ltr'><strong>tamen</strong></span> <span class='ocrx_word' id='word_1_22' title='bbox 263 489 354 577; x_wconf 88' lang='lat' dir='ltr'><strong>cuius</strong></span> <span class='ocrx_word' id='word_1_23' title='bbox 382 488 445 554; x_wconf 87' lang='lat' dir='ltr'><strong>ista</strong></span> <span class='ocrx_word' id='word_1_24' title='bbox 472 508 593 554; x_wconf 86' lang='lat' dir='ltr'><strong>errores</strong></span> <span class='ocrx_word' id='word_1_25' title='bbox 621 487 789 554; x_wconf 83' lang='lat' dir='ltr'><strong>minuent?</strong></span> <span class='ocrx_word' id='word_1_26' title='bbox 834 487 924 554; x_wconf 88' lang='lat' dir='ltr'><strong>cuins</strong></span> <span class='ocrx_word' id='word_1_27' title='bbox 952 487 1163 573; x_wconf 88' lang='lat' dir='ltr'><strong>cupiditates-</strong></span> 
     </span>
     <span class='ocr_line' id='line_1_5' title="bbox 125 577 1145 663; baseline -0.001 -19"><span class='ocrx_word' id='word_1_28' title='bbox 125 577 294 663; x_wconf 85' lang='lat' dir='ltr'><strong>prement?</strong></span> <span class='ocrx_word' id='word_1_29' title='bbox 348 599 444 662; x_wconf 89' lang='lat' dir='ltr'><strong>quem</strong></span> <span class='ocrx_word' id='word_1_30' title='bbox 481 577 662 661; x_wconf 77' lang='lat' dir='ltr'><strong>fortiorem,</strong></span> <span class='ocrx_word' id='word_1_31' title='bbox 694 599 790 662; x_wconf 90' lang='lat' dir='ltr'><strong>quem</strong></span> <span class='ocrx_word' id='word_1_32' title='bbox 826 577 1008 661; x_wconf 90' lang='lat' dir='ltr'><strong>iustiorem,</strong></span> <span class='ocrx_word' id='word_1_33' title='bbox 1049 599 1145 662; x_wconf 90' lang='lat' dir='ltr'><strong>quem</strong></span> 
     </span>
     <span class='ocr_line' id='line_1_6' title="bbox 124 665 1185 733; baseline -0.001 0"><span class='ocrx_word' id='word_1_34' title='bbox 124 668 341 733; x_wconf 77' lang='lat' dir='ltr'><strong>liberaliorem</strong></span> <span class='ocrx_word' id='word_1_35' title='bbox 380 665 522 733; x_wconf 85' lang='lat' dir='ltr'><strong>facient?</strong></span> <span class='ocrx_word' id='word_1_36' title='bbox 566 665 711 731; x_wconf 87' lang='lat' dir='ltr'><strong>dubitare</strong></span> <span class='ocrx_word' id='word_1_37' title='bbox 748 687 782 732; x_wconf 89' lang='lat' dir='ltr'><strong>se</strong></span> <span class='ocrx_word' id='word_1_38' title='bbox 817 667 947 732; x_wconf 90' lang='lat' dir='ltr'><strong>interim</strong></span> <span class='ocrx_word' id='word_1_39' title='bbox 982 665 1144 733; x_wconf 79' lang='lat' dir='ltr'><strong>Fabianus</strong></span> <span class='ocrx_word' id='word_1_40' title='bbox 1174 684 1185 725; x_wconf 78' lang='grc' dir='ltr'><strong>ι</strong></span> 
     </span>
     <span class='ocr_line' id='line_1_7' title="bbox 125 754 1145 839; baseline 0 -17"><span class='ocrx_word' id='word_1_41' title='bbox 125 761 235 823; x_wconf 90' lang='lat' dir='ltr'><strong>noster</strong></span> <span class='ocrx_word' id='word_1_42' title='bbox 262 757 381 839; x_wconf 88' lang='lat' dir='ltr'><strong>aiebat,</strong></span> <span class='ocrx_word' id='word_1_43' title='bbox 408 779 451 821; x_wconf 89' lang='lat' dir='ltr'><strong>an</strong></span> <span class='ocrx_word' id='word_1_44' title='bbox 478 754 577 822; x_wconf 85' lang='lat' dir='ltr'><strong>ssatiu</strong></span> <span class='ocrx_word' id='word_1_45' title='bbox 606 759 689 822; x_wconf 85' lang='lat' dir='ltr'><strong>esset</strong></span> <span class='ocrx_word' id='word_1_46' title='bbox 716 756 814 821; x_wconf 90' lang='lat' dir='ltr'><strong>nullis</strong></span> <span class='ocrx_word' id='word_1_47' title='bbox 842 756 956 822; x_wconf 88' lang='lat' dir='ltr'><strong>studiis</strong></span> <span class='ocrx_word' id='word_1_48' title='bbox 980 755 1145 835; x_wconf 73' lang='lat' dir='ltr'><strong>admoueri</strong></span> 
     </span>
     <span class='ocr_line' id='line_1_8' title="bbox 125 845 475 932; baseline -0.003 -21"><span class='ocrx_word' id='word_1_49' title='bbox 125 868 223 932; x_wconf 87' lang='lat' dir='ltr'><strong>quam</strong></span> <span class='ocrx_word' id='word_1_50' title='bbox 244 846 296 912; x_wconf 92' lang='lat' dir='ltr'><strong>his</strong></span> <span class='ocrx_word' id='word_1_51' title='bbox 318 845 475 931; x_wconf 88' lang='lat' dir='ltr'><strong>inplicari.</strong></span> 
     </span>
    </p>

    <p class='ocr_par' dir='ltr' id='par_1_4' title="bbox 91 950 1185 1303">
     <span class='ocr_line' id='line_1_9' title="bbox 91 950 1145 1037; baseline -0.002 -17"><span class='ocrx_word' id='word_1_52' title='bbox 91 970 105 1019; x_wconf 91' lang='lat'>1</span> <span class='ocrx_word' id='word_1_53' title='bbox 214 951 301 1020; x_wconf 85' lang='lat' dir='ltr'>XIV.</span> <span class='ocrx_word' id='word_1_54' title='bbox 334 951 404 1019; x_wconf 84' lang='lat' dir='ltr'><strong>Soli</strong></span> <span class='ocrx_word' id='word_1_55' title='bbox 446 952 590 1019; x_wconf 90' lang='lat' dir='ltr'><strong>omnium</strong></span> <span class='ocrx_word' id='word_1_56' title='bbox 632 950 728 1018; x_wconf 87' lang='lat' dir='ltr'><strong>otiosi</strong></span> <span class='ocrx_word' id='word_1_57' title='bbox 764 955 841 1017; x_wconf 88' lang='lat' dir='ltr'><strong>sunt</strong></span> <span class='ocrx_word' id='word_1_58' title='bbox 877 951 933 1035; x_wconf 92' lang='lat' dir='ltr'><strong>qui</strong></span> <span class='ocrx_word' id='word_1_59' title='bbox 970 951 1145 1037; x_wconf 74' lang='lat' dir='ltr'><strong>sapientiae</strong></span> 
     </span>
     <span class='ocr_line' id='line_1_10' title="bbox 125 1041 1145 1128; baseline 0 -20"><span class='ocrx_word' id='word_1_60' title='bbox 125 1046 255 1128; x_wconf 81' lang='lat' dir='ltr'><strong>vacant,</strong></span> <span class='ocrx_word' id='word_1_61' title='bbox 284 1042 346 1109; x_wconf 88' lang='lat' dir='ltr'><strong>soli</strong></span> <span class='ocrx_word' id='word_1_62' title='bbox 375 1041 502 1127; x_wconf 80' lang='lat' dir='ltr'><strong>vivunt3</strong></span> <span class='ocrx_word' id='word_1_63' title='bbox 532 1063 591 1108; x_wconf 91' lang='lat' dir='ltr'><strong>nec</strong></span> <span class='ocrx_word' id='word_1_64' title='bbox 621 1041 706 1107; x_wconf 90' lang='lat' dir='ltr'><strong>enim</strong></span> <span class='ocrx_word' id='word_1_65' title='bbox 737 1062 828 1107; x_wconf 85' lang='lat' dir='ltr'><strong>suam</strong></span> <span class='ocrx_word' id='word_1_66' title='bbox 857 1043 985 1106; x_wconf 91' lang='lat' dir='ltr'><strong>tantum</strong></span> <span class='ocrx_word' id='word_1_67' title='bbox 1008 1045 1145 1108; x_wconf 71' lang='lat' dir='ltr'><strong>aetatm</strong></span> 
     </span>
     <span class='ocr_line' id='line_1_11' title="bbox 124 1130 1185 1215; baseline -0.006 -18"><span class='ocrx_word' id='word_1_68' title='bbox 124 1132 206 1197; x_wconf 92' lang='lat' dir='ltr'><strong>bene</strong></span> <span class='ocrx_word' id='word_1_69' title='bbox 228 1135 374 1197; x_wconf 89' lang='lat' dir='ltr'><strong>tuentur:</strong></span> <span class='ocrx_word' id='word_1_70' title='bbox 398 1152 492 1196; x_wconf 91' lang='lat' dir='ltr'><strong>omne</strong></span> <span class='ocrx_word' id='word_1_71' title='bbox 515 1152 630 1196; x_wconf 85' lang='lat' dir='ltr'><strong>aevum</strong></span> <span class='ocrx_word' id='word_1_72' title='bbox 654 1152 712 1198; x_wconf 89' lang='grc' dir='ltr'>ιιιο</span> <span class='ocrx_word' id='word_1_73' title='bbox 736 1130 892 1214; x_wconf 85' lang='lat' dir='ltr'><strong>adiciunt3</strong></span> <span class='ocrx_word' id='word_1_74' title='bbox 916 1130 1074 1215; x_wconf 90' lang='lat' dir='ltr'><strong>quidquid</strong></span> <span class='ocrx_word' id='word_1_75' title='bbox 1092 1153 1145 1197; x_wconf 88' lang='lat' dir='ltr'><strong>an-</strong></span> <span class='ocrx_word' id='word_1_76' title='bbox 1162 1151 1185 1192; x_wconf 88' lang='lat' dir='ltr'><strong>ro</strong></span> 
     </span>
     <span class='ocr_line' id='line_1_12' title="bbox 125 1218 1146 1303; baseline -0.001 -17"><span class='ocrx_word' id='word_1_77' title='bbox 125 1243 241 1286; x_wconf 91' lang='lat' dir='ltr'><strong>norum</strong></span> <span class='ocrx_word' id='word_1_78' title='bbox 265 1224 339 1287; x_wconf 88' lang='lat' dir='ltr'><strong>aute</strong></span> <span class='ocrx_word' id='word_1_79' title='bbox 362 1221 435 1287; x_wconf 91' lang='lat' dir='ltr'><strong>illos</strong></span> <span class='ocrx_word' id='word_1_80' title='bbox 460 1223 567 1286; x_wconf 89' lang='lat' dir='ltr'><strong>actum</strong></span> <span class='ocrx_word' id='word_1_81' title='bbox 591 1224 652 1303; x_wconf 90' lang='lat' dir='ltr'><strong>est,</strong></span> <span class='ocrx_word' id='word_1_82' title='bbox 675 1219 740 1285; x_wconf 91' lang='lat' dir='ltr'><strong>illis</strong></span> <span class='ocrx_word' id='word_1_83' title='bbox 763 1218 961 1303; x_wconf 89' lang='lat' dir='ltr'><strong>adquisitum</strong></span> <span class='ocrx_word' id='word_1_84' title='bbox 980 1225 1036 1285; x_wconf 89' lang='lat' dir='ltr'><strong>est.</strong></span> <span class='ocrx_word' id='word_1_85' title='bbox 1083 1219 1146 1286; x_wconf 89' lang='lat' dir='ltr'><strong>nisi</strong></span> 
     </span>
    </p>

    <p class='ocr_par' dir='ltr' id='par_1_5' title="bbox 125 1310 1145 1484">
     <span class='ocr_line' id='line_1_13' title="bbox 125 1310 1145 1484; baseline -0.002 -19"><span class='ocrx_word' id='word_1_86' title='bbox 125 1310 1145 1484; x_wconf 53' lang='lat' dir='ltr'><strong>tutu?313tt”restitutituttttttttll</strong></span> 
     </span>
    </p>

    <p class='ocr_par' dir='ltr' id='par_1_6' title="bbox 125 1487 1152 1573">
     <span class='ocr_line' id='line_1_14' title="bbox 125 1487 1152 1573; baseline 0 -21"><span class='ocrx_word' id='word_1_87' title='bbox 125 1489 165 1552; x_wconf 93' lang='lat' dir='ltr'><strong>ad</strong></span> <span class='ocrx_word' id='word_1_88' title='bbox 188 1510 240 1554; x_wconf 89' lang='lat' dir='ltr'><strong>res</strong></span> <span class='ocrx_word' id='word_1_89' title='bbox 263 1488 495 1573; x_wconf 85' lang='lat' dir='ltr'><strong>pulcherrimas</strong></span> <span class='ocrx_word' id='word_1_90' title='bbox 515 1510 554 1554; x_wconf 89' lang='lat' dir='ltr'><strong>ex</strong></span> <span class='ocrx_word' id='word_1_91' title='bbox 571 1488 712 1553; x_wconf 87' lang='lat' dir='ltr'><strong>tenebris</strong></span> <span class='ocrx_word' id='word_1_92' title='bbox 732 1487 772 1553; x_wconf 87' lang='lat' dir='ltr'><strong>ad</strong></span> <span class='ocrx_word' id='word_1_93' title='bbox 789 1487 895 1554; x_wconf 87' lang='lat' dir='ltr'><strong>lucem</strong></span> <span class='ocrx_word' id='word_1_94' title='bbox 914 1491 1020 1564; x_wconf 83' lang='lat' dir='ltr'><strong>erutas</strong></span> <span class='ocrx_word' id='word_1_95' title='bbox 1040 1489 1152 1555; x_wconf 68' lang='lat' dir='ltr'><strong>alieno⁴</strong></span> 
     </span>
    </p>

    <p class='ocr_par' dir='ltr' id='par_1_7' title="bbox 58 1576 1186 1754">
     <span class='ocr_line' id='line_1_15' title="bbox 124 1576 1186 1662; baseline -0.005 -20"><span class='ocrx_word' id='word_1_96' title='bbox 124 1577 234 1642; x_wconf 90' lang='lat' dir='ltr'><strong>labore</strong></span> <span class='ocrx_word' id='word_1_97' title='bbox 258 1576 458 1662; x_wconf 84' lang='lat' dir='ltr'><strong>deducimur3</strong></span> <span class='ocrx_word' id='word_1_98' title='bbox 481 1577 571 1642; x_wconf 91' lang='lat' dir='ltr'><strong>nullo</strong></span> <span class='ocrx_word' id='word_1_99' title='bbox 594 1576 688 1642; x_wconf 92' lang='lat' dir='ltr'><strong>nobis</strong></span> <span class='ocrx_word' id='word_1_100' title='bbox 712 1577 839 1643; x_wconf 89' lang='lat' dir='ltr'><strong>saeculo</strong></span> <span class='ocrx_word' id='word_1_101' title='bbox 862 1576 1069 1642; x_wconf 88' lang='lat' dir='ltr'><strong>interdictum</strong></span> <span class='ocrx_word' id='word_1_102' title='bbox 1088 1581 1146 1661; x_wconf 89' lang='lat' dir='ltr'><strong>est,</strong></span> <span class='ocrx_word' id='word_1_103' title='bbox 1163 1595 1186 1638; x_wconf 84' lang='grc' dir='ltr'><strong>ιι</strong></span> 
     </span>
     <span class='ocr_line' id='line_1_16' title="bbox 58 1665 1147 1754; baseline 0 -23"><span class='ocrx_word' id='word_1_104' title='bbox 58 1739 60 1744; x_wconf 49' lang='grc'><em>,</em></span> <span class='ocrx_word' id='word_1_105' title='bbox 124 1667 160 1731; x_wconf 94' lang='lat' dir='ltr'><strong>in</strong></span> <span class='ocrx_word' id='word_1_106' title='bbox 187 1667 296 1732; x_wconf 91' lang='lat' dir='ltr'><strong>omnia</strong></span> <span class='ocrx_word' id='word_1_107' title='bbox 322 1665 523 1732; x_wconf 72' lang='lat' dir='ltr'><strong>admittimur</strong></span> <span class='ocrx_word' id='word_1_108' title='bbox 547 1670 593 1752; x_wconf 91' lang='lat' dir='ltr'><strong>et,</strong></span> <span class='ocrx_word' id='word_1_109' title='bbox 619 1665 647 1731; x_wconf 92' lang='lat' dir='ltr'><strong>si</strong></span> <span class='ocrx_word' id='word_1_110' title='bbox 670 1665 892 1752; x_wconf 85' lang='lat' dir='ltr'><strong>magnitudine</strong></span> <span class='ocrx_word' id='word_1_111' title='bbox 915 1665 1025 1748; x_wconf 83' lang='lat' dir='ltr'><strong>animi¹</strong></span> <span class='ocrx_word' id='word_1_112' title='bbox 1038 1666 1147 1754; x_wconf 84' lang='lat' dir='ltr'><strong>egredi</strong></span> 
     </span>
    </p>

    <p class='ocr_par' dir='ltr' id='par_1_8' title="bbox 124 1754 1147 1842">
     <span class='ocr_line' id='line_1_17' title="bbox 124 1754 1147 1842; baseline 0.001 -22"><span class='ocrx_word' id='word_1_113' title='bbox 124 1754 285 1821; x_wconf 84' lang='lat' dir='ltr'><strong>humanae</strong></span> <span class='ocrx_word' id='word_1_114' title='bbox 321 1755 540 1822; x_wconf 83' lang='lat' dir='ltr'><strong>inbecillitatis</strong></span> <span class='ocrx_word' id='word_1_115' title='bbox 573 1754 737 1842; x_wconf 86' lang='lat' dir='ltr'><strong>angustias</strong></span> <span class='ocrx_word' id='word_1_116' title='bbox 768 1755 863 1840; x_wconf 87' lang='lat' dir='ltr'><strong>libet,</strong></span> <span class='ocrx_word' id='word_1_117' title='bbox 898 1756 1052 1839; x_wconf 90' lang='lat' dir='ltr'><strong>multum,</strong></span> <span class='ocrx_word' id='word_1_118' title='bbox 1088 1777 1147 1841; x_wconf 88' lang='lat' dir='ltr'><strong>per</strong></span> 
     </span>
    </p>

    <p class='ocr_par' dir='ltr' id='par_1_9' title="bbox 36 1841 1146 1930">
     <span class='ocr_line' id='line_1_18' title="bbox 36 1841 1146 1930; baseline 0.003 -23"><span class='ocrx_word' id='word_1_119' title='bbox 36 1875 38 1879; x_wconf 39' lang='lat'><strong>¹</strong></span> <span class='ocrx_word' id='word_1_120' title='bbox 90 1844 213 1929; x_wconf 74' lang='lat' dir='ltr'><strong>equod</strong></span> <span class='ocrx_word' id='word_1_121' title='bbox 237 1844 428 1930; x_wconf 85' lang='lat' dir='ltr'><strong>spatiemur,</strong></span> <span class='ocrx_word' id='word_1_122' title='bbox 447 1845 602 1928; x_wconf 90' lang='lat' dir='ltr'><strong>temporis</strong></span> <span class='ocrx_word' id='word_1_123' title='bbox 626 1848 682 1910; x_wconf 92' lang='lat' dir='ltr'><strong>est.</strong></span> <span class='ocrx_word' id='word_1_124' title='bbox 729 1844 892 1929; x_wconf 87' lang='lat' dir='ltr'><strong>disputare</strong></span> <span class='ocrx_word' id='word_1_125' title='bbox 915 1865 989 1910; x_wconf 90' lang='lat' dir='ltr'><strong>cum</strong></span> <span class='ocrx_word' id='word_1_126' title='bbox 1013 1841 1146 1910; x_wconf 86' lang='lat' dir='ltr'><strong>Socrate</strong></span> 
     </span>
    </p>

    <p class='ocr_par' dir='ltr' id='par_1_10' title="bbox 124 1932 1189 2465">
     <span class='ocr_line' id='line_1_19' title="bbox 124 1932 1147 2019; baseline 0 -20"><span class='ocrx_word' id='word_1_127' title='bbox 124 1935 214 2017; x_wconf 92' lang='lat' dir='ltr'><strong>licet,</strong></span> <span class='ocrx_word' id='word_1_128' title='bbox 244 1933 391 2000; x_wconf 89' lang='lat' dir='ltr'><strong>dubitare</strong></span> <span class='ocrx_word' id='word_1_129' title='bbox 414 1955 488 2002; x_wconf 87' lang='lat' dir='ltr'><strong>cum</strong></span> <span class='ocrx_word' id='word_1_130' title='bbox 513 1932 686 2018; x_wconf 83' lang='lat' dir='ltr'><strong>Carneade,</strong></span> <span class='ocrx_word' id='word_1_131' title='bbox 710 1955 784 1999; x_wconf 88' lang='lat' dir='ltr'><strong>eum</strong></span> <span class='ocrx_word' id='word_1_132' title='bbox 807 1933 949 2019; x_wconf 80' lang='lat' dir='ltr'><strong>Epicuro</strong></span> <span class='ocrx_word' id='word_1_133' title='bbox 974 1933 1147 2018; x_wconf 81' lang='lat' dir='ltr'><strong>quiescere,</strong></span> 
     </span>
     <span class='ocr_line' id='line_1_20' title="bbox 125 2021 1189 2107; baseline 0.001 -20"><span class='ocrx_word' id='word_1_134' title='bbox 125 2022 266 2088; x_wconf 91' lang='lat' dir='ltr'><strong>hominis</strong></span> <span class='ocrx_word' id='word_1_135' title='bbox 288 2027 437 2088; x_wconf 90' lang='lat' dir='ltr'><strong>naturam</strong></span> <span class='ocrx_word' id='word_1_136' title='bbox 460 2044 534 2089; x_wconf 90' lang='lat' dir='ltr'><strong>cum</strong></span> <span class='ocrx_word' id='word_1_137' title='bbox 553 2021 670 2089; x_wconf 84' lang='lat' dir='ltr'><strong>Stoicis</strong></span> <span class='ocrx_word' id='word_1_138' title='bbox 689 2023 832 2107; x_wconf 86' lang='lat' dir='ltr'><strong>vincere,</strong></span> <span class='ocrx_word' id='word_1_139' title='bbox 854 2031 928 2089; x_wconf 83' lang='lat' dir='ltr'><strong>&#39;cum</strong></span> <span class='ocrx_word' id='word_1_140' title='bbox 947 2021 1074 2107; x_wconf 79' lang='lat' dir='ltr'><strong>Cynicis</strong></span> <span class='ocrx_word' id='word_1_141' title='bbox 1093 2044 1146 2088; x_wconf 84' lang='lat' dir='ltr'><strong>ex·</strong></span> <span class='ocrx_word' id='word_1_142' title='bbox 1163 2040 1189 2081; x_wconf 76' lang='grc' dir='ltr'><strong>ιι</strong></span> 
     </span>
     <span class='ocr_line' id='line_1_21' title="bbox 126 2111 1146 2178; baseline -0.001 -1"><span class='ocrx_word' id='word_1_143' title='bbox 126 2112 246 2177; x_wconf 87' lang='lat' dir='ltr'><strong>cedere.</strong></span> <span class='ocrx_word' id='word_1_144' title='bbox 292 2133 366 2177; x_wconf 88' lang='lat' dir='ltr'><strong>cum</strong></span> <span class='ocrx_word' id='word_1_145' title='bbox 395 2133 503 2178; x_wconf 89' lang='lat' dir='ltr'><strong>rerum</strong></span> <span class='ocrx_word' id='word_1_146' title='bbox 529 2115 645 2177; x_wconf 90' lang='lat' dir='ltr'><strong>natura</strong></span> <span class='ocrx_word' id='word_1_147' title='bbox 667 2113 702 2176; x_wconf 94' lang='lat' dir='ltr'><strong>in</strong></span> <span class='ocrx_word' id='word_1_148' title='bbox 725 2112 923 2177; x_wconf 85' lang='lat' dir='ltr'><strong>consortium</strong></span> <span class='ocrx_word' id='word_1_149' title='bbox 947 2111 1052 2177; x_wconf 88' lang='lat' dir='ltr'><strong>omnis</strong></span> <span class='ocrx_word' id='word_1_150' title='bbox 1075 2111 1146 2176; x_wconf 78' lang='lat' dir='ltr'><strong>aevi</strong></span> 
     </span>
     <span class='ocr_line' id='line_1_22' title="bbox 125 2200 1145 2288; baseline 0 -22"><span class='ocrx_word' id='word_1_151' title='bbox 125 2201 268 2286; x_wconf 87' lang='lat' dir='ltr'><strong>patiatur</strong></span> <span class='ocrx_word' id='word_1_152' title='bbox 284 2201 446 2286; x_wconf 85' lang='lat' dir='ltr'><strong>incedere,</strong></span> <span class='ocrx_word' id='word_1_153' title='bbox 468 2201 581 2285; x_wconf 89' lang='lat' dir='ltr'><strong>quidni</strong></span> <span class='ocrx_word' id='word_1_154' title='bbox 599 2202 639 2267; x_wconf 90' lang='lat' dir='ltr'><strong>ab</strong></span> <span class='ocrx_word' id='word_1_155' title='bbox 658 2200 722 2268; x_wconf 88' lang='lat' dir='ltr'><strong>hoc</strong></span> <span class='ocrx_word' id='word_1_156' title='bbox 741 2202 857 2288; x_wconf 82' lang='lat' dir='ltr'><strong>exiguo</strong></span> <span class='ocrx_word' id='word_1_157' title='bbox 877 2206 910 2266; x_wconf 92' lang='lat' dir='ltr'><strong>et</strong></span> <span class='ocrx_word' id='word_1_158' title='bbox 928 2201 1047 2267; x_wconf 88' lang='lat' dir='ltr'><strong>caduco</strong></span> <span class='ocrx_word' id='word_1_159' title='bbox 1066 2205 1145 2267; x_wconf 90' lang='lat' dir='ltr'><strong>tem·</strong></span> 
     </span>
     <span class='ocr_line' id='line_1_23' title="bbox 125 2290 1146 2376; baseline -0.001 -20"><span class='ocrx_word' id='word_1_160' title='bbox 125 2291 214 2376; x_wconf 85' lang='lat' dir='ltr'><strong>poris</strong></span> <span class='ocrx_word' id='word_1_161' title='bbox 236 2290 376 2357; x_wconf 84' lang='lat' dir='ltr'><strong>transitu</strong></span> <span class='ocrx_word' id='word_1_162' title='bbox 397 2291 435 2356; x_wconf 90' lang='lat' dir='ltr'><strong>in</strong></span> <span class='ocrx_word' id='word_1_163' title='bbox 455 2290 512 2356; x_wconf 92' lang='lat' dir='ltr'><strong>illa</strong></span> <span class='ocrx_word' id='word_1_164' title='bbox 534 2294 604 2357; x_wconf 92' lang='lat' dir='ltr'><strong>toto</strong></span> <span class='ocrx_word' id='word_1_165' title='bbox 627 2311 687 2356; x_wconf 91' lang='lat' dir='ltr'><strong>nos</strong></span> <span class='ocrx_word' id='word_1_166' title='bbox 711 2290 822 2368; x_wconf 88' lang='lat' dir='ltr'><strong>demus</strong></span> <span class='ocrx_word' id='word_1_167' title='bbox 845 2291 966 2375; x_wconf 92' lang='lat' dir='ltr'><strong>animo,</strong></span> <span class='ocrx_word' id='word_1_168' title='bbox 994 2312 1076 2375; x_wconf 88' lang='lat' dir='ltr'><strong>quae</strong></span> <span class='ocrx_word' id='word_1_169' title='bbox 1098 2290 1146 2355; x_wconf 89' lang='lat' dir='ltr'><strong>in·</strong></span> 
     </span>
     <span class='ocr_line' id='line_1_24' title="bbox 125 2380 1145 2465; baseline 0 -20"><span class='ocrx_word' id='word_1_170' title='bbox 125 2400 251 2464; x_wconf 92' lang='lat' dir='ltr'><strong>mensa,</strong></span> <span class='ocrx_word' id='word_1_171' title='bbox 280 2402 362 2465; x_wconf 89' lang='lat' dir='ltr'><strong>quae</strong></span> <span class='ocrx_word' id='word_1_172' title='bbox 384 2384 514 2454; x_wconf 85' lang='lat' dir='ltr'><strong>aeterna</strong></span> <span class='ocrx_word' id='word_1_173' title='bbox 536 2383 624 2465; x_wconf 86' lang='lat' dir='ltr'><strong>sunt,</strong></span> <span class='ocrx_word' id='word_1_174' title='bbox 649 2402 729 2464; x_wconf 87' lang='lat' dir='ltr'><strong>quae</strong></span> <span class='ocrx_word' id='word_1_175' title='bbox 753 2402 827 2446; x_wconf 91' lang='lat' dir='ltr'><strong>cum</strong></span> <span class='ocrx_word' id='word_1_176' title='bbox 850 2380 1037 2446; x_wconf 89' lang='lat' dir='ltr'><strong>melioribus</strong></span> <span class='ocrx_word' id='word_1_177' title='bbox 1058 2400 1145 2445; x_wconf 62' lang='lat' dir='ltr'><strong>‘ccm-</strong></span> 
     </span>
    </p>

    <p class='ocr_par' dir='ltr' id='par_1_11' title="bbox 89 2468 1190 3001">
     <span class='ocr_line' id='line_1_25' title="bbox 89 2468 1188 2555; baseline 0.002 -22"><span class='ocrx_word' id='word_1_178' title='bbox 89 2482 106 2532; x_wconf 77' lang='grc' dir='ltr'><strong>ι</strong></span> <span class='ocrx_word' id='word_1_179' title='bbox 126 2469 257 2534; x_wconf 80' lang='lat' dir='ltr'><strong>munia?</strong></span> <span class='ocrx_word' id='word_1_180' title='bbox 287 2470 361 2554; x_wconf 90' lang='lat' dir='ltr'><strong>isti,</strong></span> <span class='ocrx_word' id='word_1_181' title='bbox 385 2470 441 2554; x_wconf 92' lang='lat' dir='ltr'><strong>qui</strong></span> <span class='ocrx_word' id='word_1_182' title='bbox 458 2492 517 2555; x_wconf 89' lang='lat' dir='ltr'><strong>per</strong></span> <span class='ocrx_word' id='word_1_183' title='bbox 535 2470 643 2535; x_wconf 87' lang='lat' dir='ltr'><strong>officia</strong></span> <span class='ocrx_word' id='word_1_184' title='bbox 661 2469 855 2554; x_wconf 83' lang='lat' dir='ltr'><strong>discursant,</strong></span> <span class='ocrx_word' id='word_1_185' title='bbox 874 2469 930 2554; x_wconf 91' lang='lat' dir='ltr'><strong>qui</strong></span> <span class='ocrx_word' id='word_1_186' title='bbox 948 2489 982 2534; x_wconf 86' lang='lat' dir='ltr'><strong>se</strong></span> <span class='ocrx_word' id='word_1_187' title='bbox 1000 2468 1145 2552; x_wconf 87' lang='lat' dir='ltr'><strong>aliosque</strong></span> <span class='ocrx_word' id='word_1_188' title='bbox 1163 2485 1188 2528; x_wconf 77' lang='grc' dir='ltr'><strong>ιι</strong></span> 
     </span>
     <span class='ocr_line' id='line_1_26' title="bbox 124 2557 1145 2643; baseline 0.003 -20"><span class='ocrx_word' id='word_1_189' title='bbox 124 2557 320 2642; x_wconf 87' lang='lat' dir='ltr'><strong>inquietant,</strong></span> <span class='ocrx_word' id='word_1_190' title='bbox 343 2580 417 2625; x_wconf 91' lang='lat' dir='ltr'><strong>cum</strong></span> <span class='ocrx_word' id='word_1_191' title='bbox 439 2559 521 2625; x_wconf 90' lang='lat' dir='ltr'><strong>bene</strong></span> <span class='ocrx_word' id='word_1_192' title='bbox 542 2558 744 2643; x_wconf 87' lang='lat' dir='ltr'><strong>insanierint,</strong></span> <span class='ocrx_word' id='word_1_193' title='bbox 768 2580 841 2624; x_wconf 86' lang='lat' dir='ltr'><strong>eum</strong></span> <span class='ocrx_word' id='word_1_194' title='bbox 866 2557 1010 2623; x_wconf 89' lang='lat' dir='ltr'><strong>omnium</strong></span> <span class='ocrx_word' id='word_1_195' title='bbox 1032 2558 1145 2626; x_wconf 77' lang='lat' dir='ltr'><strong>limina</strong></span> 
     </span>
     <span class='ocr_line' id='line_1_27' title="bbox 124 2647 1145 2733; baseline 0 -19"><span class='ocrx_word' id='word_1_196' title='bbox 124 2647 243 2714; x_wconf 92' lang='lat' dir='ltr'><strong>cotidie</strong></span> <span class='ocrx_word' id='word_1_197' title='bbox 265 2648 559 2733; x_wconf 77' lang='lat' dir='ltr'><strong>perambulaverint</strong></span> <span class='ocrx_word' id='word_1_198' title='bbox 578 2669 638 2713; x_wconf 88' lang='lat' dir='ltr'><strong>nec</strong></span> <span class='ocrx_word' id='word_1_199' title='bbox 656 2649 739 2714; x_wconf 83' lang='lat' dir='ltr'><strong>ullas</strong></span> <span class='ocrx_word' id='word_1_200' title='bbox 754 2651 884 2733; x_wconf 88' lang='lat' dir='ltr'><strong>apertas</strong></span> <span class='ocrx_word' id='word_1_201' title='bbox 903 2647 988 2714; x_wconf 85' lang='lat' dir='ltr'><strong>fores</strong></span> <span class='ocrx_word' id='word_1_202' title='bbox 1006 2650 1145 2733; x_wconf 87' lang='lat' dir='ltr'><strong>praeter·</strong></span> 
     </span>
     <span class='ocr_line' id='line_1_28' title="bbox 125 2736 1145 2823; baseline 0 -21"><span class='ocrx_word' id='word_1_203' title='bbox 125 2736 234 2821; x_wconf 90' lang='lat' dir='ltr'><strong>ierint,</strong></span> <span class='ocrx_word' id='word_1_204' title='bbox 262 2759 336 2804; x_wconf 91' lang='lat' dir='ltr'><strong>cum</strong></span> <span class='ocrx_word' id='word_1_205' title='bbox 363 2760 422 2823; x_wconf 88' lang='lat' dir='ltr'><strong>per</strong></span> <span class='ocrx_word' id='word_1_206' title='bbox 448 2736 680 2804; x_wconf 85' lang='lat' dir='ltr'><strong>diversissimas</strong></span> <span class='ocrx_word' id='word_1_207' title='bbox 703 2737 818 2803; x_wconf 91' lang='lat' dir='ltr'><strong>domos</strong></span> <span class='ocrx_word' id='word_1_208' title='bbox 840 2737 1038 2803; x_wconf 85' lang='lat' dir='ltr'><strong>meritoriam</strong></span> <span class='ocrx_word' id='word_1_209' title='bbox 1062 2738 1145 2803; x_wconf 86' lang='lat' dir='ltr'><strong>salu-</strong></span> 
     </span>
     <span class='ocr_line' id='line_1_29' title="bbox 125 2825 1146 2912; baseline -0.001 -21"><span class='ocrx_word' id='word_1_210' title='bbox 125 2826 281 2893; x_wconf 89' lang='lat' dir='ltr'><strong>tationem</strong></span> <span class='ocrx_word' id='word_1_211' title='bbox 303 2827 573 2911; x_wconf 88' lang='lat' dir='ltr'><strong>circumtulerint,</strong></span> <span class='ocrx_word' id='word_1_212' title='bbox 603 2831 739 2911; x_wconf 87' lang='lat' dir='ltr'><strong>quotum</strong></span> <span class='ocrx_word' id='word_1_213' title='bbox 763 2849 922 2912; x_wconf 88' lang='lat' dir='ltr'><strong>quemque</strong></span> <span class='ocrx_word' id='word_1_214' title='bbox 946 2849 985 2892; x_wconf 86' lang='lat' dir='ltr'><strong>ex</strong></span> <span class='ocrx_word' id='word_1_215' title='bbox 1007 2830 1075 2892; x_wconf 91' lang='lat' dir='ltr'><strong>tam</strong></span> <span class='ocrx_word' id='word_1_216' title='bbox 1098 2825 1146 2890; x_wconf 91' lang='lat' dir='ltr'><strong>in·</strong></span> 
     </span>
     <span class='ocr_line' id='line_1_30' title="bbox 126 2915 1190 3001; baseline 0 -21"><span class='ocrx_word' id='word_1_217' title='bbox 126 2936 237 2980; x_wconf 93' lang='lat' dir='ltr'><strong>mensa</strong></span> <span class='ocrx_word' id='word_1_218' title='bbox 266 2920 298 2980; x_wconf 90' lang='lat' dir='ltr'><strong>et</strong></span> <span class='ocrx_word' id='word_1_219' title='bbox 327 2915 423 2981; x_wconf 83' lang='lat' dir='ltr'><strong>variis</strong></span> <span class='ocrx_word' id='word_1_220' title='bbox 455 2915 684 3001; x_wconf 89' lang='lat' dir='ltr'><strong>cupiditatibus</strong></span> <span class='ocrx_word' id='word_1_221' title='bbox 713 2915 859 2982; x_wconf 86' lang='lat' dir='ltr'><strong>districta</strong></span> <span class='ocrx_word' id='word_1_222' title='bbox 885 2916 968 2981; x_wconf 84' lang='lat' dir='ltr'><strong>urbe</strong></span> <span class='ocrx_word' id='word_1_223' title='bbox 991 2918 1190 3000; x_wconf 66' lang='lat' dir='ltr'><strong>poteruntne</strong></span> 
     </span>
    </p>

    <p class='ocr_par' dir='ltr' id='par_1_12' title="bbox 90 3004 1145 3089">
     <span class='ocr_line' id='line_1_31' title="bbox 90 3004 1145 3089; baseline 0.003 -23"><span class='ocrx_word' id='word_1_224' title='bbox 90 3004 254 3071; x_wconf 69' lang='lat' dir='ltr'><strong>evidere?</strong></span> <span class='ocrx_word' id='word_1_225' title='bbox 300 3026 397 3089; x_wconf 86' lang='lat' dir='ltr'><strong>quam</strong></span> <span class='ocrx_word' id='word_1_226' title='bbox 420 3005 516 3070; x_wconf 91' lang='lat' dir='ltr'><strong>multi</strong></span> <span class='ocrx_word' id='word_1_227' title='bbox 539 3008 646 3089; x_wconf 87' lang='lat' dir='ltr'><strong>erunt,</strong></span> <span class='ocrx_word' id='word_1_228' title='bbox 675 3026 813 3089; x_wconf 87' lang='lat' dir='ltr'><strong>quorum</strong></span> <span class='ocrx_word' id='word_1_229' title='bbox 836 3007 910 3070; x_wconf 92' lang='lat' dir='ltr'><strong>illos</strong></span> <span class='ocrx_word' id='word_1_230' title='bbox 934 3008 990 3069; x_wconf 89' lang='lat' dir='ltr'><strong>aut</strong></span> <span class='ocrx_word' id='word_1_231' title='bbox 1013 3024 1145 3070; x_wconf 89' lang='lat' dir='ltr'><strong>somnus</strong></span> 
     </span>
    </p>
   </div>
   <div class='ocr_carea' id='block_1_3' title="bbox 126 3178 1147 3337">
    <p class='ocr_par' dir='ltr' id='par_1_13' title="bbox 126 3178 1147 3337">
     <span class='ocr_line' id='line_1_32' title="bbox 214 3178 1146 3253; baseline -0.001 -18"><span class='ocrx_word' id='word_1_232' title='bbox 214 3178 233 3235; x_wconf 81' lang='lat' dir='ltr'><strong>a</strong></span> <span class='ocrx_word' id='word_1_233' title='bbox 251 3179 331 3235; x_wconf 89' lang='lat' dir='ltr'><strong>euius</strong></span> <span class='ocrx_word' id='word_1_234' title='bbox 349 3186 414 3236; x_wconf 77' lang='lat' dir='ltr'><strong>unte</strong></span> <span class='ocrx_word' id='word_1_235' title='bbox 433 3180 605 3250; x_wconf 85' lang='lat' dir='ltr'><strong>cupiditates</strong></span> <span class='ocrx_word' id='word_1_236' title='bbox 622 3197 643 3237; x_wconf 87' lang='lat' dir='ltr'><strong>s.</strong></span> <span class='ocrx_word' id='word_1_237' title='bbox 658 3198 683 3235; x_wconf 86' lang='lat' dir='ltr'><strong>c.</strong></span> <span class='ocrx_word' id='word_1_238' title='bbox 698 3180 762 3236; x_wconf 79' lang='lat' dir='ltr'><strong>cdd.</strong></span> <span class='ocrx_word' id='word_1_239' title='bbox 777 3180 819 3236; x_wconf 80' lang='lat' dir='ltr'><strong>A⁸</strong></span> <span class='ocrx_word' id='word_1_240' title='bbox 835 3180 846 3253; x_wconf 72' lang='lat' dir='ltr'><strong>ll</strong></span> <span class='ocrx_word' id='word_1_241' title='bbox 865 3179 902 3236; x_wconf 80' lang='lat' dir='ltr'><strong>lu</strong></span> <span class='ocrx_word' id='word_1_242' title='bbox 919 3179 1010 3235; x_wconf 83' lang='lat' dir='ltr'><strong>uitam</strong></span> <span class='ocrx_word' id='word_1_243' title='bbox 1024 3179 1052 3235; x_wconf 83' lang='lat' dir='ltr'><strong><em>A</em></strong></span> <span class='ocrx_word' id='word_1_244' title='bbox 1070 3179 1146 3235; x_wconf 82' lang='lat' dir='ltr'><strong>viam</strong></span> 
     </span>
     <span class='ocr_line' id='line_1_33' title="bbox 126 3250 1147 3337; baseline 0.001 -31"><span class='ocrx_word' id='word_1_245' title='bbox 126 3252 244 3321; x_wconf 73' lang='lat' dir='ltr'><strong>Lipsius</strong></span> <span class='ocrx_word' id='word_1_246' title='bbox 264 3257 374 3322; x_wconf 67' lang='lat' dir='ltr'><strong>praete</strong></span> <span class='ocrx_word' id='word_1_247' title='bbox 400 3254 586 3308; x_wconf 74' lang='lat' dir='ltr'><strong>cecmsitotem</strong></span> <span class='ocrx_word' id='word_1_248' title='bbox 612 3251 622 3324; x_wconf 73' lang='lat' dir='ltr'><strong>ll</strong></span> <span class='ocrx_word' id='word_1_249' title='bbox 649 3251 685 3306; x_wconf 80' lang='lat'><strong>15</strong></span> <span class='ocrx_word' id='word_1_250' title='bbox 708 3250 821 3327; x_wconf 76' lang='lat' dir='ltr'><strong>nobissll</strong></span> <span class='ocrx_word' id='word_1_251' title='bbox 839 3251 921 3337; x_wconf 79' lang='lat' dir='ltr'><strong>A’(?)</strong></span> <span class='ocrx_word' id='word_1_252' title='bbox 946 3250 1051 3307; x_wconf 87' lang='lat' dir='ltr'><strong>nobilis</strong></span> <span class='ocrx_word' id='word_1_253' title='bbox 1063 3250 1115 3337; x_wconf 35' lang='grc' dir='ltr'><strong>,Αἱ</strong></span> <span class='ocrx_word' id='word_1_254' title='bbox 1136 3251 1147 3325; x_wconf 69' lang='grc' dir='ltr'><strong>ΙΙ</strong></span> 
     </span>
    </p>
   </div>
   <div class='ocr_carea' id='block_1_4' title="bbox 104 3322 1146 3613">
    <p class='ocr_par' dir='ltr' id='par_1_14' title="bbox 125 3322 911 3390">
     <span class='ocr_line' id='line_1_34' title="bbox 125 3322 911 3390; baseline 0.001 -13"><span class='ocrx_word' id='word_1_255' title='bbox 125 3322 168 3377; x_wconf 84' lang='grc'><strong>20·</strong></span> <span class='ocrx_word' id='word_1_256' title='bbox 179 3322 325 3389; x_wconf 80' lang='lat' dir='ltr'><strong>excedere,</strong></span> <span class='ocrx_word' id='word_1_257' title='bbox 345 3339 409 3377; x_wconf 89' lang='lat' dir='ltr'><strong>cum</strong></span> <span class='ocrx_word' id='word_1_258' title='bbox 429 3365 479 3379; x_wconf 91' lang='lat'><strong>...</strong></span> <span class='ocrx_word' id='word_1_259' title='bbox 498 3323 636 3378; x_wconf 87' lang='lat' dir='ltr'><strong>incedere.</strong></span> <span class='ocrx_word' id='word_1_260' title='bbox 670 3322 775 3389; x_wconf 81' lang='lat' dir='ltr'><strong>Quidni</strong></span> <span class='ocrx_word' id='word_1_261' title='bbox 797 3325 842 3379; x_wconf 80' lang='lat' dir='ltr'><strong>ool</strong></span> <span class='ocrx_word' id='word_1_262' title='bbox 861 3364 867 3377; x_wconf 87' lang='lat'><strong>.</strong></span> <span class='ocrx_word' id='word_1_263' title='bbox 872 3343 884 3390; x_wconf 90' lang='grc'><strong>,·</strong></span> <span class='ocrx_word' id='word_1_264' title='bbox 900 3342 911 3378; x_wconf 85' lang='grc' dir='ltr'><strong>ι</strong></span> 
     </span>
    </p>

    <p class='ocr_par' dir='ltr' id='par_1_15' title="bbox 104 3393 1146 3613">
     <span class='ocr_line' id='line_1_35' title="bbox 126 3393 1146 3478; baseline 0.001 -31"><span class='ocrx_word' id='word_1_265' title='bbox 126 3395 279 3450; x_wconf 78' lang='lat' dir='ltr'><strong>emendavit</strong></span> <span class='ocrx_word' id='word_1_266' title='bbox 292 3394 410 3478; x_wconf 66' lang='lat' dir='ltr'><strong>Modoiq</strong></span> <span class='ocrx_word' id='word_1_267' title='bbox 422 3394 432 3467; x_wconf 73' lang='lat' dir='ltr'><strong>{l</strong></span> <span class='ocrx_word' id='word_1_268' title='bbox 449 3393 484 3448; x_wconf 88' lang='grc'><strong>21</strong></span> <span class='ocrx_word' id='word_1_269' title='bbox 500 3411 564 3449; x_wconf 88' lang='lat' dir='ltr'><strong>cum</strong></span> <span class='ocrx_word' id='word_1_270' title='bbox 579 3398 808 3462; x_wconf 82' lang='lat' dir='ltr'><strong>&lt;nos&gt;rernm</strong></span> <span class='ocrx_word' id='word_1_271' title='bbox 850 3393 921 3467; x_wconf 68' lang='lat' dir='ltr'><strong>erte!</strong></span> <span class='ocrx_word' id='word_1_272' title='bbox 944 3393 963 3448; x_wconf 89' lang='grc'><strong>2</strong></span> <span class='ocrx_word' id='word_1_273' title='bbox 994 3395 1090 3468; x_wconf 67' lang='lat' dir='ltr'><strong>eterne</strong></span> <span class='ocrx_word' id='word_1_274' title='bbox 1104 3393 1146 3478; x_wconf 70' lang='lat'><strong>4¹</strong></span> 
     </span>
     <span class='ocr_line' id='line_1_36' title="bbox 120 3464 1145 3538; baseline 0.005 -21"><span class='ocrx_word' id='word_1_275' title='bbox 120 3481 190 3519; x_wconf 71' lang='lat' dir='ltr'><strong>em</strong></span> <span class='ocrx_word' id='word_1_276' title='bbox 200 3464 248 3533; x_wconf 74' lang='lat' dir='ltr'><strong>A’</strong></span> <span class='ocrx_word' id='word_1_277' title='bbox 253 3464 269 3538; x_wconf 67' lang='lat' dir='ltr'><strong>ll</strong></span> <span class='ocrx_word' id='word_1_278' title='bbox 280 3464 317 3520; x_wconf 78' lang='grc'><strong>28</strong></span> <span class='ocrx_word' id='word_1_279' title='bbox 330 3466 505 3521; x_wconf 86' lang='lat' dir='ltr'><strong>mentoriam</strong></span> <span class='ocrx_word' id='word_1_280' title='bbox 514 3465 557 3520; x_wconf 80' lang='grc' dir='ltr'><strong>Α1</strong></span> <span class='ocrx_word' id='word_1_281' title='bbox 569 3466 616 3521; x_wconf 81' lang='lat' dir='ltr'><strong>sed</strong></span> <span class='ocrx_word' id='word_1_282' title='bbox 629 3467 756 3530; x_wconf 77' lang='lat' dir='ltr'><strong>ultimam</strong></span> <span class='ocrx_word' id='word_1_283' title='bbox 770 3467 889 3522; x_wconf 80' lang='lat' dir='ltr'><strong>litteram</strong></span> <span class='ocrx_word' id='word_1_284' title='bbox 957 3465 1021 3533; x_wconf 73' lang='lat' dir='ltr'><strong>fort.</strong></span> <span class='ocrx_word' id='word_1_285' title='bbox 1032 3472 1145 3536; x_wconf 60' lang='lat' dir='ltr'><strong>pandas</strong></span> 
     </span>
     <span class='ocr_line' id='line_1_37' title="bbox 104 3535 1072 3613; baseline 0.009 -29"><span class='ocrx_word' id='word_1_286' title='bbox 104 3537 221 3589; x_wconf 69' lang='lat' dir='ltr'><strong>notaret</strong></span> <span class='ocrx_word' id='word_1_287' title='bbox 229 3535 251 3609; x_wconf 68' lang='lat' dir='ltr'><strong>ss</strong></span> <span class='ocrx_word' id='word_1_288' title='bbox 263 3536 304 3592; x_wconf 73' lang='lat'><strong>80</strong></span> <span class='ocrx_word' id='word_1_289' title='bbox 321 3536 393 3594; x_wconf 85' lang='lat' dir='ltr'><strong>urbe</strong></span> <span class='ocrx_word' id='word_1_290' title='bbox 406 3539 436 3595; x_wconf 79' lang='grc' dir='ltr'><em>Α</em></span> <span class='ocrx_word' id='word_1_291' title='bbox 456 3536 543 3595; x_wconf 88' lang='lat' dir='ltr'><strong>turba</strong></span> <span class='ocrx_word' id='word_1_292' title='bbox 560 3537 642 3597; x_wconf 78' lang='lat' dir='ltr'><strong>Gertz</strong></span> <span class='ocrx_word' id='word_1_293' title='bbox 659 3537 674 3613; x_wconf 72' lang='lat' dir='ltr'><strong>lt</strong></span> <span class='ocrx_word' id='word_1_294' title='bbox 686 3535 724 3594; x_wconf 82' lang='lat' dir='ltr'><strong>u</strong></span> <span class='ocrx_word' id='word_1_295' title='bbox 741 3537 836 3592; x_wconf 82' lang='lat' dir='ltr'><strong>uideri</strong></span> <span class='ocrx_word' id='word_1_296' title='bbox 848 3536 889 3593; x_wconf 74' lang='grc' dir='ltr'><strong>Α1</strong></span> <span class='ocrx_word' id='word_1_297' title='bbox 906 3553 974 3593; x_wconf 74' lang='lat' dir='ltr'><strong>corr.</strong></span> <span class='ocrx_word' id='word_1_298' title='bbox 990 3536 1072 3609; x_wconf 61' lang='grc' dir='ltr'>Α’(ι)</span> 
     </span>
    </p>
   </div>
   <div class='ocr_carea' id='block_1_5' title="bbox 0 0 1224 3846">
    <p class='ocr_par' dir='ltr' id='par_1_16' title="bbox 0 0 1224 3846">
     <span class='ocr_line' id='line_1_38' title="bbox 0 0 1224 3846; baseline 0 1"><span class='ocrx_word' id='word_1_299' title='bbox 0 0 1224 3846; x_wconf 95' lang='lat' dir='ltr'><strong> </strong></span> 
     </span>
    </p>
   </div>
  </div>
 </body>
</html>
