2438 3846
131 160 194 226 176
323 155 353 210 L.
368 156 511 213 ANNAEI
530 157 696 213 SENECAE
715 157 811 213 DIAL.
825 157 893 212 LIB.
908 157 955 212 VI.

99 362 103 371 .
133 307 261 368 natura:
285 303 462 368 ‘neminem
478 303 610 387 decipio.
644 307 681 367 tu
695 303 723 368 si
736 289 822 367 filios
837 303 1015 388 sustuleris,
1032 302 1156 388 poteris

132 392 250 457 habere
282 393 455 474 formosos,
488 397 520 456 et
549 393 708 456 deformes
722 404 725 410 “
739 392 874 476 poteris3
906 392 1043 457 fortasse
1072 391 1157 456 muti

132 484 312 546 nascentur.
358 503 427 545 esse
457 481 573 563 aliquis
605 503 644 546 ex
674 481 737 545 illis
768 485 838 549 tam
866 485 1010 545 servator
1031 481 1164 566 patriae-

96 588 111 636 7
134 590 230 652 quam
254 569 400 652 proditor
423 570 549 653 poterit.
602 591 669 634 non
692 574 741 635 est
764 569 851 653 quod
875 569 1023 653 desperes
1046 573 1157 634 tantae

133 659 330 745 dignationis
362 659 503 741 futuros,
535 664 572 723 ut
601 681 696 723 nemo
724 659 786 724 tibi
812 664 945 743 propter
973 659 1048 723 illos
1071 659 1157 724 male
1186 680 1198 720 s

133 747 237 812 dicere
268 747 396 830 audeat3
428 769 573 831 propone
603 752 711 813 tamen
742 753 774 813 et
803 751 911 813 tantae
939 748 1066 811 futuros
1089 751 1156 813 tur-

132 835 303 920 pitudinis,
325 840 363 901 ut
384 837 447 919 Ipsi
470 836 642 902 maledicta
664 838 737 901 sint.
781 837 865 901 nihil
887 839 976 902 vetat
998 835 1071 901 illos
1095 836 1157 902 tibi

133 945 283 1009 suprema
305 930 467 1009 praestare
491 929 524 989 et
545 925 670 990 laudari
692 930 725 990 te
749 947 767 989 a
789 925 899 990 liberis
923 925 1002 1008 tuis,
1030 924 1086 990 sed
1110 925 1157 991 sic

131 1019 164 1078 te
187 1036 265 1098 para
288 1017 453 1097 tamquam
476 1013 641 1100 inignem
660 1015 863 1098 inpositurus
878 1015 930 1078 vel
948 1036 1084 1098 puerum
1104 1015 1157 1080 vel

132 1103 281 1168 iuvenem
304 1104 356 1168 vel
379 1124 501 1168 senem:
528 1104 612 1168 nihil
635 1104 719 1168 enim
744 1105 870 1168 adrem
889 1104 1052 1187 pertinent
1070 1103 1157 1187 anni,
1175 1127 1199 1166 ru

133 1193 286 1275 quoniam
308 1193 435 1257 nullum
458 1215 525 1257 non
548 1194 699 1258 acerbum
722 1193 819 1258 funus
843 1197 904 1275 est,
929 1192 1016 1276 quod
1039 1215 1155 1277 parens

133 1280 299 1365 sequitur?
343 1285 419 1366 post
445 1281 504 1346 has
530 1283 619 1366 leges
642 1284 839 1365 propositas,
863 1282 892 1346 si
913 1282 1033 1346 liberos
1057 1281 1156 1365 tollis,

132 1370 221 1435 omni
253 1369 329 1436 deos
361 1370 483 1436 invidia
513 1371 644 1455 liberas,
677 1371 733 1455 qui
765 1371 824 1436 tibi
856 1370 939 1435 nihil
971 1370 1051 1435 certi
1083 1392 1156 1456 spo·

129 1458 345 1544 ponderum*

96 1584 110 1633 1
221 1565 341 1631 XVIII.
377 1566 433 1631 Ac
460 1567 544 1632 hanc
573 1566 748 1652 imaginem
778 1566 915 1653 agedum
945 1566 1046 1631 totius
1070 1566 1156 1631 ultae
1175 1588 1199 1630 ιι

132 1655 302 1720 introitum
329 1655 420 1720 refer.
466 1679 508 1720 an
536 1655 710 1740 Syracusas
738 1656 856 1721 viseres
882 1655 1072 1721 deliberanti
1094 1655 1156 1720 tibi

133 1745 288 1829 quicquid
304 1744 463 1810 'delectare
482 1748 622 1829 poterat,
641 1745 795 1829 quicquid
814 1745 988 1828 offendere,
1007 1744 1157 1829 exposui3

132 1836 213 1917 puta
234 1835 380 1899 nascenti
401 1856 454 1898 me
476 1835 537 1899 tibi
559 1834 667 1899 venire
690 1836 725 1898 in
748 1834 932 1900 consilium:
963 1835 1156 1899 ‘intraturus

134 1943 167 1987 es
200 1923 314 1988 urbem
348 1923 410 2007 dis,
446 1923 633 1989 hominibus
670 1945 888 2007 communem,
926 1923 1034 1987 omnia
1070 1943 1156 1988 com·

133 2013 275 2096 plexam,
312 2013 406 2077 certis
438 2012 565 2098 legibus
598 2013 800 2097 aeternisque
837 2012 1031 2096 devinctam,
1067 2012 1157 2077 inde·
1175 2032 1200 2074 so

96 2101 270 2186 afatigata
292 2101 478 2166 caelestium
502 2102 611 2167 officia
632 2103 825 2167 solventem.
872 2101 995 2166 videbis
1018 2101 1086 2165 illic
1108 2101 1157 2165 in-

133 2189 348 2255 numerabiles
377 2191 486 2256 stellas
514 2191 645 2275 micare,
672 2190 796 2257 videbis
823 2212 888 2255 uno
916 2191 1019 2255 sidere
1046 2190 1158 2254 omnia

134 2279 257 2363 inplere
289 2280 404 2364 solem,
436 2279 597 2346 cotidiano
631 2302 727 2346 cursu
757 2279 820 2345 diei
851 2280 1021 2363 noctisque
1051 2278 1157 2364 spatia

134 2372 338 2523 libitia
353 2369 1157 2543 ³¹¹3thillicitilllttttttttltlffi
1175 2479 1200 2520 a

133 2546 283 2613 fraternis
298 2548 484 2615 occursibus
497 2550 570 2614 lene
583 2549 819 2633 remissumque
831 2548 942 2614 lumen
952 2552 1156 2613 mutuantem

222 2739 240 2794 2
259 2742 331 2796 muti
348 2742 467 2813 Madoiq
484 2742 569 2796 multi
581 2742 610 2797 A
627 2742 638 2815 Η
657 2742 671 2796 7
690 2742 749 2797 sint
761 2742 793 2798 F
808 2742 846 2797 sit
860 2742 888 2797 A
905 2742 916 2815 Η
933 2741 951 2798 8
969 2739 1091 2814 prestari
1103 2741 1132 2796 A
1146 2740 1157 2813 Η

133 2811 152 2866 9
169 2812 200 2866 in
217 2811 313 2882 ignem
327 2826 345 2867 s
361 2813 459 2885 inigne
475 2814 503 2869 A
528 2813 531 2884 Η
556 2813 730 2883 inpositurus
750 2813 832 2870 Gertz
851 2813 1004 2884 (positurus
1019 2811 1155 2880 Frasm.¹)

133 2881 293 2953 inpositura
306 2885 371 2939 AF
386 2887 447 2955 (etr.
462 2885 538 2941 Recb
551 2885 606 2941 obs.
620 2902 705 2956 prum.
719 2885 796 2941 Diua.
809 2885 940 2957 Flebam.
956 2888 1026 2940 1895
1042 2901 1072 2954 p.
1086 2886 1132 2952 29)
1146 2883 1157 2956 Η

134 2954 170 3015 10
189 2955 257 3010 anni
274 2972 295 3010 c.
310 2973 334 3011 v.
349 2957 413 3013 cdd.
433 2955 476 3012 A·
491 2957 502 3029 Η
520 2956 556 3011 lb
573 2955 618 3010 Ad
636 2957 704 3028 vulp.
719 2956 785 3012 add.
799 2965 864 3013 uate
881 2957 956 3012 hanc
974 2955 1128 3027 imaginem
1146 2997 1156 3022 ,

134 3033 199 3082 cate
216 3027 304 3082 totius
322 3027 403 3108 vitae
416 3041 520 3084 anuas
537 3028 548 3100 Η
566 3027 601 3082 16
615 3026 696 3083 refer.
712 3044 749 3083 an
765 3028 847 3084 Gertz
864 3028 989 3085 refertar
1003 3028 1031 3083 A
1048 3025 1111 3154 lew
1125 3042 1156 3081 es

133 3096 165 3152 F
189 3099 232 3152 eat
252 3100 280 3154 A
305 3097 315 3170 Η
340 3097 377 3154 20
399 3097 531 3154 devincta
556 3099 637 3156 Gertz
660 3105 686 3155 ct
707 3099 827 3171 Maricio
850 3099 861 3173 Η
887 3099 921 3155 21
945 3097 1049 3155 uolueu
1079 3115 1108 3152 m
1127 3098 1160 3153 F

133 3165 277 3224 uolentem
299 3171 328 3224 A
354 3168 365 3242 Η
390 3167 427 3224 22
450 3169 569 3237 micare,
591 3169 701 3226 videbis
722 3171 842 3227 Lariecb
865 3170 964 3226 uidere
986 3167 1106 3224 micabis
1126 3169 1155 3224 A

133 3237 232 3294 uidere
253 3238 409 3326 miraberis·
422 3240 453 3296 F
473 3239 564 3326 sidere
587 3240 734 3298 miraberis
756 3259 813 3298 uno
836 3259 862 3298 o.
878 3242 897 3297 i.
918 3243 969 3298 Hc
1008 3247 1020 3297 t
1041 3240 1155 3324 micare,

134 3326 235 3437 idid
247 3310 673 3453 gfflnpppsmpappgmapp
694 3358 704 3457 ἰ
720 3315 781 3440 ab·
799 3312 992 3455 libiade
1017 3309 1155 3440 affieri

132 3452 195 3509 aliu
213 3470 247 3509 m.
264 3452 276 3527 Η
293 3451 330 3508 24
348 3453 503 3525 aequalius·
514 3454 629 3527 quiden
649 3455 731 3515 Gerra
752 3454 937 3527 squalidaque
950 3455 979 3512 A
998 3453 1157 3526 aequaliter

116 3521 158 3573 F
168 3523 237 3594 νοζᾳ.
259 3523 379 3597 aequali
397 3542 451 3586 axe
470 3527 631 3604 Pecunia
