2438 3846
236 183 287 237 AD
305 183 478 238 unacum
495 183 545 238 DE
565 182 846 238 CONSOLATIONE
866 182 944 237 CAP.
960 189 994 236 22
1066 184 1130 251 185

102 330 198 397 nobis
225 351 356 395 sensum
383 333 512 395 nostrae
539 329 628 395 necis
656 327 820 413 auferunt,
848 350 978 413 quoque
1000 328 1129 394 facilius

103 421 239 505 obrepat
265 441 368 500 mors,
395 419 455 484 sub
478 419 550 503 ipso
574 419 660 483 vitae
683 420 815 483 nomine
836 419 929 483 latet:
957 417 1128 483 infantiam

101 510 137 575 in
165 530 199 574 se
226 509 367 593 pueritia
389 509 561 592 convertit,
589 508 762 593 pueritiam
785 509 953 592 pubertas,
980 509 1129 573 iuvenem

102 621 202 665 senex
235 598 377 664 abstulit.
430 599 629 664 incrementa
663 598 748 682 ipsa,
782 598 811 662 si
839 598 921 663 bene
951 602 1129 683 computes,

70 689 221 754 adamna
242 692 326 754 sunt.

191 776 294 843 XXII.
332 776 496 861 Quereris,
513 777 647 859 Marcia,
666 797 733 841 non
751 781 818 840 tam
837 775 893 840 diu
912 777 1017 841 filium
1035 781 1129 842 tuum
1151 793 1165 841 1

13 947 16 952 Α
100 868 222 933 vixisse
252 888 349 951 quam
379 867 561 952 potuisset?
611 866 697 930 unde
727 865 814 930 enim
844 864 907 930 scis
935 888 977 930 au
1007 867 1129 932 diutius

100 958 152 1022 illi
182 957 360 1042 expedierit
388 956 518 1023 vivere?
567 979 609 1021 an
638 956 689 1020 illi
717 954 779 1021 hac
809 959 914 1020 morte
944 958 1129 1022 consultum

101 1046 167 1112 sit?
212 1068 408 1130 quemquam
436 1045 580 1112 invenire
607 1045 705 1110 hodie
732 1049 840 1129 potes,
868 1046 959 1111 cuius
987 1052 1129 1111 restam

56 1156 83 1197 ro
100 1136 183 1201 bene
206 1137 332 1220 positae
354 1142 428 1202 aaut
450 1136 680 1218 fundataeque,
703 1140 742 1199 ut
763 1133 846 1199 nihil
869 1135 919 1200 illi
942 1135 1129 1219 procedenti

100 1229 249 1310 tempore
266 1226 447 1291 timendum
466 1225 530 1290 sit?
561 1224 674 1289 labant
691 1223 835 1289 humana
853 1246 890 1290 ac
905 1225 1012 1290 fluunt
1025 1246 1131 1309 neque

100 1315 169 1380 ulla
186 1337 261 1399 pars
280 1315 366 1380 ritae
384 1319 514 1381 nostrae
532 1319 600 1379 tam
619 1314 761 1379 obnoxia
775 1318 832 1379 aut
844 1318 956 1379 tenera
969 1318 1019 1379 est
1033 1336 1131 1398 quam

101 1426 184 1488 quae
207 1404 349 1470 maxime
366 1406 488 1490 placet,
510 1404 648 1488 ideoque
666 1403 862 1469 felicissimis
882 1405 1025 1488 optanda
1044 1425 1131 1470 mors

100 1498 163 1577 est,
194 1495 270 1578 quia
298 1496 334 1558 in
361 1498 453 1559 tanta
479 1493 697 1559 inconstantia
724 1493 885 1577 turbaque
911 1515 1020 1557 rerum
1047 1493 1132 1558 nihil

55 1601 81 1643 ιι
99 1585 164 1648 nisi
193 1584 279 1667 quod
302 1587 458 1668 praeterit
481 1587 606 1649 certum
626 1587 682 1647 eet.
731 1582 802 1667 quie
827 1583 887 1647 tibi
910 1582 1026 1666 recipit
1048 1583 1166 1648 illude

99 1673 149 1742 fili
167 1673 217 1737 tui
234 1674 488 1757 pulcherrimum
508 1695 625 1758 corpus
645 1677 678 1738 et
696 1694 823 1738 summa
835 1672 969 1756 pudoris
984 1672 1132 1738 custodia

99 1763 186 1828 inter
207 1763 394 1828 luxuriosae
416 1763 507 1829 urbis
532 1764 643 1828 oculos
668 1765 895 1828 conservatum
915 1762 1061 1846 potuisse
1080 1765 1131 1827 tot

99 1852 231 1917 morbos
250 1853 296 1917 ita
314 1854 461 1936 evadere,
480 1857 519 1918 ut
532 1851 572 1918 ad
587 1857 787 1918 senectutem
801 1852 960 1916 inlaesum
975 1850 1131 1937 perferret

98 1941 223 2007 formae
251 1943 370 2009 decus?
416 1944 524 2030 cogita
546 1942 647 2007 animi
671 1944 760 2006 mille
782 1942 886 2024 labes3
913 1962 1019 2025 neque
1043 1942 1130 2006 enim

53 2048 81 2090 so
98 2037 188 2096 recta
210 2032 342 2118 ingenia
365 2033 492 2116 qualem
517 2032 552 2096 in
570 2032 789 2098 adulescentia
808 2053 899 2116 spem
918 2032 968 2095 sui
988 2032 1131 2096 fecerent

99 2141 203 2203 usque
221 2120 257 2185 in
275 2125 473 2187 senectutem
488 2123 706 2206 pertulerunt,
727 2121 783 2186 sed
798 2121 977 2186 interversa
990 2121 1131 2204 plerum·

100 2232 164 2294 que
191 2214 281 2275 sunt:
309 2215 366 2276 aut
394 2232 464 2277 sera
492 2233 595 2295 eoque
618 2211 744 2276 foedior
766 2210 895 2275 luxuria
918 2210 1037 2275 invasit
1060 2232 1131 2276 coe·

98 2298 213 2385 pitque
237 2300 448 2365 dehonestare
472 2303 619 2386 speciosa
641 2300 814 2385 principia,
837 2299 952 2365 autin
975 2300 1130 2386 popinam

99 2393 310 2475 ventremque
337 2391 567 2476 procubuerunt
590 2392 652 2455 toti
676 2412 867 2474 summaque
890 2390 955 2454 illis
980 2412 1129 2455 curarum

54 2495 81 2537 ιι
99 2477 177 2562 fuit,
195 2480 274 2564 quid
292 2484 413 2563 essent,
432 2480 510 2564 quid
528 2479 684 2545 biberent.
722 2480 812 2544 adice
830 2479 993 2563 incendia,
1010 2481 1130 2563 ruinas,
1149 2489 1166 2540 3

98 2568 269 2654 naufragia
295 2569 572 2671 lacerationesque
596 2569 795 2634 medicorum
820 2590 894 2633 ossa
916 2569 998 2633 rivis
1022 2569 1130 2655 legeu-

99 2657 183 2722 tium
213 2661 245 2722 et
272 2657 395 2723 totas
385 2680 421 2723 m
447 2656 571 2724 viscera
598 2680 713 2723 manus
742 2658 984 2724 demittentium
1008 2661 1040 2722 t
1008 2681 1130 2724 non

189 2795 346 2920 tobrepat
370 2814 445 2851 more
470 2798 540 2924 oolp
566 2797 726 2867 obreptent
755 2815 830 2852 mors
849 2799 877 2852 A
900 2798 903 2868 Ι
928 2796 988 2852 late
1006 2798 1095 2868 ΑΙ
1087 2816 1130 2852 ιιι-

98 2866 221 2922 funtiam
231 2880 249 2921 ς
261 2887 293 2922 ιιι
305 2870 400 2938 antem
410 2869 475 2923 AF
539 2869 680 2940 potuisset
690 2872 787 2925 Muret
800 2871 928 2938 potuisse
938 2870 966 2924 A
980 2869 990 2940 ΙΙ
1002 2869 1020 2923 a
1033 2886 1130 2938 quem-

99 2952 210 3078 ῗὶιιιιιι(1
197 2938 280 2995 Gertz
294 2956 434 3009 quemque
421 2941 472 2995 A
509 2940 545 2995 10
559 2944 626 2995 sunt
639 2942 703 2996 add
715 2941 799 2996 Gertz
813 2940 1007 3009 fundataeque
1018 2941 1075 2994 sint
1090 2940 1130 3013 ςΙΙ

100 3009 833 3155 cucumerarium
851 3012 862 3155 Ι
882 3013 921 3167 ι
938 2940 1131 3152 recol

99 3150 278 3218 pertulerunt
302 3154 478 3209 inserendum
505 3161 594 3209 censet
616 3153 735 3226 Gertrll
759 3153 795 3209 22
821 3154 936 3224 coepitq
903 3157 972 3224 tque
992 3153 1131 3210 Schultess

96 3222 280 3305 οοςίΙιιιιοΑ
303 3224 453 3306 coegitque
471 3225 503 3280 F
497 3225 534 3351 lp!
558 3224 595 3279 24
617 3153 830 3295 procubuerunt
855 3226 910 3280 toti
931 3225 1052 3297 Mudoip
1077 3241 1129 3296 pro

96 3287 154 3418 ΙΙ
167 3294 196 3348 ³
215 3294 367 3423 ΙΙΙΙΙΙι.
368 3312 491 3440 ἸΙΙΙΙ
515 3297 784 3441 (turult
794 3300 1131 3426 *difficultati

98 3366 319 3496 ardwmeuicadlt
307 3439 339 3494 iu
357 3442 477 3510 operula
495 3369 534 3497 ad
551 3459 592 3497 me
610 3442 679 3498 dato
702 3387 763 3498 iroii
776 3388 937 3514 1eiinplioem
957 3441 1082 3498 dolorem
1097 3443 1132 3500 A

98 3510 707 3647 pppdpepusripppillippnqipetpperprgcilpipeppnc
720 3515 890 3586 simplicem
900 3513 1038 3569 tutorem
1047 3510 1148 3576 uum
