<?xml version="1.0" encoding="UTF-8"?>
<!DOCTYPE html PUBLIC "-//W3C//DTD XHTML 1.0 Transitional//EN"
    "http://www.w3.org/TR/xhtml1/DTD/xhtml1-transitional.dtd">
<html xmlns="http://www.w3.org/1999/xhtml" xml:lang="en" lang="en">
 <head>
  <title>
</title>
<meta http-equiv="Content-Type" content="text/html;charset=utf-8" />
  <meta name='ocr-system' content='tesseract 3.04.00' />
  <meta name='ocr-capabilities' content='ocr_page ocr_carea ocr_par ocr_line ocrx_word'/>
</head>
<body>
  <div class='ocr_page' id='page_1' title='image "./lannaeisenecaeo02senegoog_0078.png"; bbox 0 0 2438 3846; ppageno 0'>
   <div class='ocr_carea' id='block_1_1' title="bbox 151 141 977 212">
    <p class='ocr_par' dir='ltr' id='par_1_1' title="bbox 151 141 977 212">
     <span class='ocr_line' id='line_1_1' title="bbox 151 141 977 212; baseline -0.002 -12"><span class='ocrx_word' id='word_1_1' title='bbox 151 147 194 212; x_wconf 72' lang='lat'><strong>52</strong></span> <span class='ocrx_word' id='word_1_2' title='bbox 348 142 378 200; x_wconf 84' lang='lat' dir='ltr'><strong>L.</strong></span> <span class='ocrx_word' id='word_1_3' title='bbox 392 142 535 197; x_wconf 79' lang='lat' dir='ltr'><strong><em>ANNAEI</em></strong></span> <span class='ocrx_word' id='word_1_4' title='bbox 554 141 718 198; x_wconf 76' lang='lat' dir='ltr'><strong><em>SENECAE</em></strong></span> <span class='ocrx_word' id='word_1_5' title='bbox 738 143 833 199; x_wconf 86' lang='lat' dir='ltr'><strong><em>DIAL.</em></strong></span> <span class='ocrx_word' id='word_1_6' title='bbox 848 142 915 198; x_wconf 81' lang='lat' dir='ltr'><strong><em>LIB.</em></strong></span> <span class='ocrx_word' id='word_1_7' title='bbox 931 143 977 198; x_wconf 85' lang='lat'>111.</span> 
     </span>
    </p>
   </div>
   <div class='ocr_carea' id='block_1_2' title="bbox 67 286 1219 2960">
    <p class='ocr_par' dir='ltr' id='par_1_2' title="bbox 114 286 1214 1089">
     <span class='ocr_line' id='line_1_2' title="bbox 114 286 1176 375; baseline 0.002 -20"><span class='ocrx_word' id='word_1_8' title='bbox 114 307 129 355; x_wconf 78' lang='lat'><strong>2</strong></span> <span class='ocrx_word' id='word_1_9' title='bbox 239 286 294 354; x_wconf 84' lang='lat' dir='ltr'><strong>An</strong></span> <span class='ocrx_word' id='word_1_10' title='bbox 330 289 505 355; x_wconf 91' lang='lat' dir='ltr'><strong>secundum</strong></span> <span class='ocrx_word' id='word_1_11' title='bbox 540 293 689 354; x_wconf 89' lang='lat' dir='ltr'><strong>naturam</strong></span> <span class='ocrx_word' id='word_1_12' title='bbox 722 291 765 355; x_wconf 91' lang='lat' dir='ltr'><strong>sit</strong></span> <span class='ocrx_word' id='word_1_13' title='bbox 786 291 1002 356; x_wconf 88' lang='lat' dir='ltr'><strong>manifestum</strong></span> <span class='ocrx_word' id='word_1_14' title='bbox 1034 291 1108 375; x_wconf 89' lang='lat' dir='ltr'><strong>erit,</strong></span> <span class='ocrx_word' id='word_1_15' title='bbox 1146 293 1176 357; x_wconf 92' lang='lat' dir='ltr'><strong>si</strong></span> 
     </span>
     <span class='ocr_line' id='line_1_3' title="bbox 149 379 1177 464; baseline 0.001 -19"><span class='ocrx_word' id='word_1_16' title='bbox 149 379 313 445; x_wconf 91' lang='lat' dir='ltr'><strong>hominem</strong></span> <span class='ocrx_word' id='word_1_17' title='bbox 335 379 577 464; x_wconf 81' lang='lat' dir='ltr'>inspexerimus.</span> <span class='ocrx_word' id='word_1_18' title='bbox 624 401 688 462; x_wconf 92' lang='lat' dir='ltr'><strong>quo</strong></span> <span class='ocrx_word' id='word_1_19' title='bbox 713 380 790 463; x_wconf 93' lang='lat' dir='ltr'><strong>quid</strong></span> <span class='ocrx_word' id='word_1_20' title='bbox 814 384 863 445; x_wconf 91' lang='lat' dir='ltr'><strong>est</strong></span> <span class='ocrx_word' id='word_1_21' title='bbox 886 381 1009 463; x_wconf 88' lang='lat' dir='ltr'><strong>mitius,</strong></span> <span class='ocrx_word' id='word_1_22' title='bbox 1040 380 1117 445; x_wconf 90' lang='lat' dir='ltr'><strong>dum</strong></span> <span class='ocrx_word' id='word_1_23' title='bbox 1139 381 1177 446; x_wconf 92' lang='lat' dir='ltr'><strong>in</strong></span> 
     </span>
     <span class='ocr_line' id='line_1_4' title="bbox 149 467 1177 552; baseline 0.001 -20"><span class='ocrx_word' id='word_1_24' title='bbox 149 473 237 534; x_wconf 91' lang='lat' dir='ltr'><strong>recto</strong></span> <span class='ocrx_word' id='word_1_25' title='bbox 261 469 361 533; x_wconf 91' lang='lat' dir='ltr'><strong>animi</strong></span> <span class='ocrx_word' id='word_1_26' title='bbox 383 468 512 534; x_wconf 84' lang='lat' dir='ltr'><strong>habitus</strong></span> <span class='ocrx_word' id='word_1_27' title='bbox 534 467 604 533; x_wconf 83' lang='lat' dir='ltr'><strong>est?</strong></span> <span class='ocrx_word' id='word_1_28' title='bbox 636 468 714 552; x_wconf 90' lang='lat' dir='ltr'><strong>quid</strong></span> <span class='ocrx_word' id='word_1_29' title='bbox 733 472 840 534; x_wconf 87' lang='lat' dir='ltr'><strong>autem</strong></span> <span class='ocrx_word' id='word_1_30' title='bbox 859 470 906 534; x_wconf 91' lang='lat' dir='ltr'><strong>ira</strong></span> <span class='ocrx_word' id='word_1_31' title='bbox 925 469 1085 535; x_wconf 80' lang='lat' dir='ltr'><strong>crudelius</strong></span> <span class='ocrx_word' id='word_1_32' title='bbox 1104 469 1177 536; x_wconf 82' lang='lat' dir='ltr'><strong>est?</strong></span> 
     </span>
     <span class='ocr_line' id='line_1_5' title="bbox 149 557 1176 643; baseline 0.001 -20"><span class='ocrx_word' id='word_1_33' title='bbox 149 558 281 643; x_wconf 86' lang='lat' dir='ltr'><strong>&lt;quid&gt;</strong></span> <span class='ocrx_word' id='word_1_34' title='bbox 299 557 430 622; x_wconf 91' lang='lat' dir='ltr'><strong>homine</strong></span> <span class='ocrx_word' id='word_1_35' title='bbox 449 557 587 622; x_wconf 83' lang='lat' dir='ltr'><strong>aliorum</strong></span> <span class='ocrx_word' id='word_1_36' title='bbox 605 557 787 623; x_wconf 81' lang='lat' dir='ltr'><strong>amantius?</strong></span> <span class='ocrx_word' id='word_1_37' title='bbox 832 559 910 643; x_wconf 92' lang='lat' dir='ltr'><strong>quid</strong></span> <span class='ocrx_word' id='word_1_38' title='bbox 933 560 981 622; x_wconf 89' lang='lat' dir='ltr'><strong>ira</strong></span> <span class='ocrx_word' id='word_1_39' title='bbox 1003 559 1176 625; x_wconf 81' lang='lat' dir='ltr'><strong>infestius?</strong></span> 
     </span>
     <span class='ocr_line' id='line_1_6' title="bbox 148 646 1214 733; baseline 0.001 -21"><span class='ocrx_word' id='word_1_40' title='bbox 148 648 247 714; x_wconf 92' lang='lat' dir='ltr'><strong>homo</strong></span> <span class='ocrx_word' id='word_1_41' title='bbox 261 647 296 711; x_wconf 92' lang='lat' dir='ltr'><strong>in</strong></span> <span class='ocrx_word' id='word_1_42' title='bbox 310 646 506 712; x_wconf 87' lang='lat' dir='ltr'><strong>adiutorium</strong></span> <span class='ocrx_word' id='word_1_43' title='bbox 524 650 671 711; x_wconf 90' lang='lat' dir='ltr'><strong>mutuum</strong></span> <span class='ocrx_word' id='word_1_44' title='bbox 690 649 818 732; x_wconf 85' lang='lat' dir='ltr'><strong>genitus</strong></span> <span class='ocrx_word' id='word_1_45' title='bbox 837 652 898 731; x_wconf 89' lang='lat' dir='ltr'><strong>est,</strong></span> <span class='ocrx_word' id='word_1_46' title='bbox 917 649 965 712; x_wconf 86' lang='lat' dir='ltr'><strong>ira</strong></span> <span class='ocrx_word' id='word_1_47' title='bbox 978 649 1012 712; x_wconf 93' lang='lat' dir='ltr'><strong>in</strong></span> <span class='ocrx_word' id='word_1_48' title='bbox 1026 649 1176 733; x_wconf 86' lang='lat' dir='ltr'><strong>exitium;</strong></span> <span class='ocrx_word' id='word_1_49' title='bbox 1211 686 1214 699; x_wconf 84' lang='lat'><strong>·</strong></span> 
     </span>
     <span class='ocr_line' id='line_1_7' title="bbox 149 736 1176 822; baseline 0 -20"><span class='ocrx_word' id='word_1_50' title='bbox 149 736 203 802; x_wconf 91' lang='lat' dir='ltr'><strong>hic</strong></span> <span class='ocrx_word' id='word_1_51' title='bbox 234 736 424 822; x_wconf 84' lang='lat' dir='ltr'><strong>congregari</strong></span> <span class='ocrx_word' id='word_1_52' title='bbox 446 737 530 819; x_wconf 72' lang='lat' dir='ltr'><strong>uuili,</strong></span> <span class='ocrx_word' id='word_1_53' title='bbox 561 737 618 801; x_wconf 88' lang='lat' dir='ltr'><strong>illa</strong></span> <span class='ocrx_word' id='word_1_54' title='bbox 647 736 821 820; x_wconf 81' lang='lat' dir='ltr'><strong>discedere,</strong></span> <span class='ocrx_word' id='word_1_55' title='bbox 851 737 906 802; x_wconf 88' lang='lat' dir='ltr'><strong>hio</strong></span> <span class='ocrx_word' id='word_1_56' title='bbox 928 737 1093 821; x_wconf 82' lang='lat' dir='ltr'><strong>prodesse,</strong></span> <span class='ocrx_word' id='word_1_57' title='bbox 1117 738 1176 802; x_wconf 89' lang='lat' dir='ltr'><strong>illa</strong></span> 
     </span>
     <span class='ocr_line' id='line_1_8' title="bbox 148 825 1177 910; baseline 0 -19"><span class='ocrx_word' id='word_1_58' title='bbox 148 846 277 909; x_wconf 90' lang='lat' dir='ltr'><strong>nocere,</strong></span> <span class='ocrx_word' id='word_1_59' title='bbox 300 825 355 890; x_wconf 92' lang='lat' dir='ltr'><strong>hic</strong></span> <span class='ocrx_word' id='word_1_60' title='bbox 378 826 475 890; x_wconf 90' lang='lat' dir='ltr'><strong>etiam</strong></span> <span class='ocrx_word' id='word_1_61' title='bbox 497 825 619 910; x_wconf 84' lang='lat' dir='ltr'><strong>ignotis</strong></span> <span class='ocrx_word' id='word_1_62' title='bbox 639 847 836 909; x_wconf 78' lang='lat' dir='ltr'><strong>succurrere,</strong></span> <span class='ocrx_word' id='word_1_63' title='bbox 859 826 916 890; x_wconf 87' lang='lat' dir='ltr'><strong>illa</strong></span> <span class='ocrx_word' id='word_1_64' title='bbox 934 827 1032 891; x_wconf 88' lang='lat' dir='ltr'><strong>etiam</strong></span> <span class='ocrx_word' id='word_1_65' title='bbox 1050 826 1177 892; x_wconf 89' lang='lat' dir='ltr'><strong>carissi·</strong></span> 
     </span>
     <span class='ocr_line' id='line_1_9' title="bbox 149 915 1176 1000; baseline 0.002 -21"><span class='ocrx_word' id='word_1_66' title='bbox 149 937 219 981; x_wconf 93' lang='lat' dir='ltr'><strong>mos</strong></span> <span class='ocrx_word' id='word_1_67' title='bbox 251 917 374 999; x_wconf 83' lang='lat' dir='ltr'><strong>petere3</strong></span> <span class='ocrx_word' id='word_1_68' title='bbox 405 915 459 979; x_wconf 90' lang='lat' dir='ltr'><strong>hic</strong></span> <span class='ocrx_word' id='word_1_69' title='bbox 488 915 626 980; x_wconf 90' lang='lat' dir='ltr'><strong>aliorum</strong></span> <span class='ocrx_word' id='word_1_70' title='bbox 656 915 833 980; x_wconf 92' lang='lat' dir='ltr'><strong>commodis</strong></span> <span class='ocrx_word' id='word_1_71' title='bbox 856 915 908 980; x_wconf 80' lang='lat' dir='ltr'><strong>vel</strong></span> <span class='ocrx_word' id='word_1_72' title='bbox 937 915 1110 1000; x_wconf 88' lang='lat' dir='ltr'><strong>inpendere</strong></span> <span class='ocrx_word' id='word_1_73' title='bbox 1141 938 1176 981; x_wconf 86' lang='lat' dir='ltr'><strong>se</strong></span> 
     </span>
     <span class='ocr_line' id='line_1_10' title="bbox 149 1004 1176 1089; baseline 0.001 -20"><span class='ocrx_word' id='word_1_74' title='bbox 149 1008 280 1089; x_wconf 87' lang='lat' dir='ltr'><strong>paratus</strong></span> <span class='ocrx_word' id='word_1_75' title='bbox 304 1007 365 1087; x_wconf 87' lang='lat' dir='ltr'><strong>est,</strong></span> <span class='ocrx_word' id='word_1_76' title='bbox 389 1004 445 1068; x_wconf 89' lang='lat' dir='ltr'><strong>illa</strong></span> <span class='ocrx_word' id='word_1_77' title='bbox 467 1004 503 1069; x_wconf 90' lang='lat' dir='ltr'><strong>in</strong></span> <span class='ocrx_word' id='word_1_78' title='bbox 525 1004 717 1088; x_wconf 90' lang='lat' dir='ltr'><strong>periculum,</strong></span> <span class='ocrx_word' id='word_1_79' title='bbox 748 1004 921 1069; x_wconf 91' lang='lat' dir='ltr'><strong>dummodo</strong></span> <span class='ocrx_word' id='word_1_80' title='bbox 945 1004 1094 1088; x_wconf 88' lang='lat' dir='ltr'><strong>deducat,</strong></span> <span class='ocrx_word' id='word_1_81' title='bbox 1123 1005 1176 1070; x_wconf 91' lang='lat' dir='ltr'><strong>de-</strong></span> 
     </span>
    </p>

    <p class='ocr_par' dir='ltr' id='par_1_3' title="bbox 114 1089 1215 1803">
     <span class='ocr_line' id='line_1_11' title="bbox 114 1089 1215 1179; baseline -0.004 -19"><span class='ocrx_word' id='word_1_82' title='bbox 114 1089 130 1160; x_wconf 71' lang='grc' dir='ltr'>ὲ</span> <span class='ocrx_word' id='word_1_83' title='bbox 150 1093 307 1160; x_wconf 90' lang='lat' dir='ltr'><strong>scendere.</strong></span> <span class='ocrx_word' id='word_1_84' title='bbox 341 1093 414 1178; x_wconf 92' lang='lat' dir='ltr'><strong>quis</strong></span> <span class='ocrx_word' id='word_1_85' title='bbox 433 1114 510 1179; x_wconf 84' lang='lat' dir='ltr'><strong>ergo</strong></span> <span class='ocrx_word' id='word_1_86' title='bbox 525 1095 628 1179; x_wconf 85' lang='lat' dir='ltr'><strong>magis</strong></span> <span class='ocrx_word' id='word_1_87' title='bbox 641 1097 790 1158; x_wconf 88' lang='lat' dir='ltr'><strong>naturam</strong></span> <span class='ocrx_word' id='word_1_88' title='bbox 804 1116 911 1158; x_wconf 87' lang='lat' dir='ltr'><strong>rerum</strong></span> <span class='ocrx_word' id='word_1_89' title='bbox 929 1094 1058 1179; x_wconf 83' lang='lat' dir='ltr'><strong>ignorat</strong></span> <span class='ocrx_word' id='word_1_90' title='bbox 1077 1115 1215 1178; x_wconf 80' lang='lat' dir='ltr'><strong>quamn</strong></span> 
     </span>
     <span class='ocr_line' id='line_1_12' title="bbox 151 1183 1177 1267; baseline 0.004 -21"><span class='ocrx_word' id='word_1_91' title='bbox 151 1184 206 1267; x_wconf 93' lang='lat' dir='ltr'><strong>qui</strong></span> <span class='ocrx_word' id='word_1_92' title='bbox 230 1183 353 1266; x_wconf 90' lang='lat' dir='ltr'><strong>optimo</strong></span> <span class='ocrx_word' id='word_1_93' title='bbox 378 1183 445 1247; x_wconf 91' lang='lat' dir='ltr'><strong>eius</strong></span> <span class='ocrx_word' id='word_1_94' title='bbox 470 1184 561 1267; x_wconf 92' lang='lat' dir='ltr'><strong>operi</strong></span> <span class='ocrx_word' id='word_1_95' title='bbox 583 1186 615 1247; x_wconf 93' lang='lat' dir='ltr'><strong>et</strong></span> <span class='ocrx_word' id='word_1_96' title='bbox 638 1183 896 1248; x_wconf 89' lang='lat' dir='ltr'><strong>emendatissimo</strong></span> <span class='ocrx_word' id='word_1_97' title='bbox 924 1183 987 1248; x_wconf 90' lang='lat' dir='ltr'><strong>hoc</strong></span> <span class='ocrx_word' id='word_1_98' title='bbox 1009 1183 1114 1247; x_wconf 82' lang='lat' dir='ltr'><strong>ferum</strong></span> <span class='ocrx_word' id='word_1_99' title='bbox 1137 1205 1177 1250; x_wconf 86' lang='lat' dir='ltr'><strong>ac</strong></span> 
     </span>
     <span class='ocr_line' id='line_1_13' title="bbox 149 1271 1176 1356; baseline 0.001 -20"><span class='ocrx_word' id='word_1_100' title='bbox 149 1272 366 1356; x_wconf 89' lang='lat' dir='ltr'><strong>perniciosum</strong></span> <span class='ocrx_word' id='word_1_101' title='bbox 389 1272 505 1336; x_wconf 83' lang='lat' dir='ltr'><strong>vitium</strong></span> <span class='ocrx_word' id='word_1_102' title='bbox 534 1271 704 1356; x_wconf 81' lang='lat' dir='ltr'><strong>adsignat?</strong></span> <span class='ocrx_word' id='word_1_103' title='bbox 749 1273 810 1356; x_wconf 90' lang='lat' dir='ltr'><strong>ira,</strong></span> <span class='ocrx_word' id='word_1_104' title='bbox 840 1275 877 1335; x_wconf 90' lang='lat' dir='ltr'><strong>ut</strong></span> <span class='ocrx_word' id='word_1_105' title='bbox 899 1271 1052 1355; x_wconf 85' lang='lat' dir='ltr'><strong>diximus,</strong></span> <span class='ocrx_word' id='word_1_106' title='bbox 1080 1272 1176 1337; x_wconf 84' lang='lat' dir='ltr'><strong>avida</strong></span> 
     </span>
     <span class='ocr_line' id='line_1_14' title="bbox 149 1360 1199 1445; baseline 0.002 -20"><span class='ocrx_word' id='word_1_107' title='bbox 149 1383 272 1445; x_wconf 89' lang='lat' dir='ltr'><strong>poenae</strong></span> <span class='ocrx_word' id='word_1_108' title='bbox 291 1365 352 1444; x_wconf 88' lang='lat' dir='ltr'><strong>est,</strong></span> <span class='ocrx_word' id='word_1_109' title='bbox 366 1362 462 1436; x_wconf 69' lang='lat' dir='ltr'><strong>‚cuius</strong></span> <span class='ocrx_word' id='word_1_110' title='bbox 482 1360 666 1444; x_wconf 87' lang='lat' dir='ltr'><strong>cupidinem</strong></span> <span class='ocrx_word' id='word_1_111' title='bbox 685 1361 788 1427; x_wconf 87' lang='lat' dir='ltr'><strong>inesse</strong></span> <span class='ocrx_word' id='word_1_112' title='bbox 807 1362 1013 1444; x_wconf 88' lang='lat' dir='ltr'><strong>pacatissimo</strong></span> <span class='ocrx_word' id='word_1_113' title='bbox 1032 1361 1199 1427; x_wconf 77' lang='lat' dir='ltr'><strong>hominis·</strong></span> 
     </span>
     <span class='ocr_line' id='line_1_15' title="bbox 149 1449 1175 1535; baseline 0.001 -20"><span class='ocrx_word' id='word_1_114' title='bbox 149 1451 274 1535; x_wconf 75' lang='lat' dir='ltr'><strong>pectori</strong></span> <span class='ocrx_word' id='word_1_115' title='bbox 296 1450 427 1514; x_wconf 91' lang='lat' dir='ltr'><strong>minime</strong></span> <span class='ocrx_word' id='word_1_116' title='bbox 452 1449 627 1514; x_wconf 91' lang='lat' dir='ltr'><strong>secundum</strong></span> <span class='ocrx_word' id='word_1_117' title='bbox 649 1449 717 1515; x_wconf 89' lang='lat' dir='ltr'><strong>eius</strong></span> <span class='ocrx_word' id='word_1_118' title='bbox 740 1452 888 1515; x_wconf 88' lang='lat' dir='ltr'><strong>naturam</strong></span> <span class='ocrx_word' id='word_1_119' title='bbox 911 1454 968 1516; x_wconf 90' lang='lat' dir='ltr'><strong>est.</strong></span> <span class='ocrx_word' id='word_1_120' title='bbox 1009 1450 1175 1516; x_wconf 89' lang='lat' dir='ltr'><strong>beneficiis</strong></span> 
     </span>
     <span class='ocr_line' id='line_1_16' title="bbox 150 1539 1215 1622; baseline -0.003 -18"><span class='ocrx_word' id='word_1_121' title='bbox 150 1540 235 1605; x_wconf 90' lang='lat' dir='ltr'><strong>enim</strong></span> <span class='ocrx_word' id='word_1_122' title='bbox 267 1539 408 1604; x_wconf 87' lang='lat' dir='ltr'><strong>humana</strong></span> <span class='ocrx_word' id='word_1_123' title='bbox 432 1540 500 1603; x_wconf 85' lang='lat' dir='ltr'><strong>vita</strong></span> <span class='ocrx_word' id='word_1_124' title='bbox 532 1542 659 1604; x_wconf 88' lang='lat' dir='ltr'><strong>constat</strong></span> <span class='ocrx_word' id='word_1_125' title='bbox 690 1542 722 1603; x_wconf 89' lang='lat' dir='ltr'><strong>et</strong></span> <span class='ocrx_word' id='word_1_126' title='bbox 745 1539 929 1622; x_wconf 88' lang='lat' dir='ltr'><strong>concordia,</strong></span> <span class='ocrx_word' id='word_1_127' title='bbox 960 1561 1020 1605; x_wconf 89' lang='lat' dir='ltr'><strong>nec</strong></span> <span class='ocrx_word' id='word_1_128' title='bbox 1052 1542 1175 1605; x_wconf 90' lang='lat' dir='ltr'><strong>terrore</strong></span> <span class='ocrx_word' id='word_1_129' title='bbox 1194 1560 1215 1601; x_wconf 86' lang='lat'><strong>1·</strong></span> 
     </span>
     <span class='ocr_line' id='line_1_17' title="bbox 150 1627 1176 1712; baseline 0.002 -20"><span class='ocrx_word' id='word_1_130' title='bbox 150 1629 205 1694; x_wconf 90' lang='lat' dir='ltr'><strong>sed</strong></span> <span class='ocrx_word' id='word_1_131' title='bbox 228 1632 340 1694; x_wconf 90' lang='lat' dir='ltr'><strong>mutuo</strong></span> <span class='ocrx_word' id='word_1_132' title='bbox 360 1650 468 1692; x_wconf 85' lang='lat' dir='ltr'><strong>amore</strong></span> <span class='ocrx_word' id='word_1_133' title='bbox 487 1629 522 1692; x_wconf 89' lang='lat' dir='ltr'><strong>in</strong></span> <span class='ocrx_word' id='word_1_134' title='bbox 540 1627 653 1692; x_wconf 82' lang='lat' dir='ltr'><strong>foedus</strong></span> <span class='ocrx_word' id='word_1_135' title='bbox 673 1628 892 1712; x_wconf 90' lang='lat' dir='ltr'><strong>auxiliumque</strong></span> <span class='ocrx_word' id='word_1_136' title='bbox 911 1649 1080 1694; x_wconf 91' lang='lat' dir='ltr'><strong>commune</strong></span> <span class='ocrx_word' id='word_1_137' title='bbox 1099 1650 1176 1694; x_wconf 93' lang='lat' dir='ltr'><strong>con·</strong></span> 
     </span>
     <span class='ocr_line' id='line_1_18' title="bbox 151 1719 327 1803; baseline -0.011 -21"><span class='ocrx_word' id='word_1_138' title='bbox 151 1719 327 1803; x_wconf 86' lang='lat' dir='ltr'><strong>stringitur.</strong></span> 
     </span>
    </p>

    <p class='ocr_par' dir='ltr' id='par_1_4' title="bbox 115 1804 1219 2783">
     <span class='ocr_line' id='line_1_19' title="bbox 117 1804 1175 1892; baseline -0.001 -19"><span class='ocrx_word' id='word_1_139' title='bbox 117 1827 129 1873; x_wconf 89' lang='lat'>1</span> <span class='ocrx_word' id='word_1_140' title='bbox 240 1805 295 1872; x_wconf 89' lang='lat' dir='ltr'><strong>VI.</strong></span> <span class='ocrx_word' id='word_1_141' title='bbox 319 1804 416 1882; x_wconf 76' lang='lat' dir='ltr'><strong>‘Quid</strong></span> <span class='ocrx_word' id='word_1_142' title='bbox 439 1804 538 1891; x_wconf 82' lang='lat' dir='ltr'><strong>ergo?</strong></span> <span class='ocrx_word' id='word_1_143' title='bbox 582 1826 650 1870; x_wconf 93' lang='lat' dir='ltr'><strong>non</strong></span> <span class='ocrx_word' id='word_1_144' title='bbox 672 1806 845 1890; x_wconf 86' lang='lat' dir='ltr'><strong>aliquando</strong></span> <span class='ocrx_word' id='word_1_145' title='bbox 869 1807 1039 1892; x_wconf 84' lang='lat' dir='ltr'><strong>castigatio</strong></span> <span class='ocrx_word' id='word_1_146' title='bbox 1066 1827 1175 1872; x_wconf 87' lang='lat' dir='ltr'><strong>neces·</strong></span> 
     </span>
     <span class='ocr_line' id='line_1_20' title="bbox 151 1893 1175 1982; baseline 0.001 -22"><span class='ocrx_word' id='word_1_147' title='bbox 151 1897 233 1961; x_wconf 83' lang='lat' dir='ltr'><strong>saria</strong></span> <span class='ocrx_word' id='word_1_148' title='bbox 256 1895 342 1960; x_wconf 77' lang='lat' dir='ltr'><strong>est‘i&#39;</strong></span> <span class='ocrx_word' id='word_1_149' title='bbox 389 1893 523 1979; x_wconf 77' lang='lat' dir='ltr'><strong>quidni?</strong></span> <span class='ocrx_word' id='word_1_150' title='bbox 569 1894 624 1960; x_wconf 91' lang='lat' dir='ltr'><strong>sed</strong></span> <span class='ocrx_word' id='word_1_151' title='bbox 650 1895 730 1961; x_wconf 85' lang='lat' dir='ltr'><strong>haec</strong></span> <span class='ocrx_word' id='word_1_152' title='bbox 758 1897 825 1961; x_wconf 91' lang='lat' dir='ltr'><strong>sine</strong></span> <span class='ocrx_word' id='word_1_153' title='bbox 850 1897 909 1979; x_wconf 86' lang='lat' dir='ltr'><strong>ira,</strong></span> <span class='ocrx_word' id='word_1_154' title='bbox 940 1917 1014 1960; x_wconf 88' lang='lat' dir='ltr'><strong>oum</strong></span> <span class='ocrx_word' id='word_1_155' title='bbox 1036 1896 1175 1982; x_wconf 80' lang='lat' dir='ltr'><strong>ratione3</strong></span> 
     </span>
     <span class='ocr_line' id='line_1_21' title="bbox 119 1983 1215 2069; baseline 0 -19"><span class='ocrx_word' id='word_1_156' title='bbox 119 2002 123 2011; x_wconf 89' lang='lat'>·</span> <span class='ocrx_word' id='word_1_157' title='bbox 149 2007 216 2050; x_wconf 92' lang='lat' dir='ltr'><strong>non</strong></span> <span class='ocrx_word' id='word_1_158' title='bbox 243 1985 328 2048; x_wconf 91' lang='lat' dir='ltr'><strong>enim</strong></span> <span class='ocrx_word' id='word_1_159' title='bbox 354 1988 451 2050; x_wconf 94' lang='lat' dir='ltr'><strong>nocet</strong></span> <span class='ocrx_word' id='word_1_160' title='bbox 479 1984 533 2049; x_wconf 93' lang='lat' dir='ltr'><strong>sed</strong></span> <span class='ocrx_word' id='word_1_161' title='bbox 561 1983 706 2048; x_wconf 90' lang='lat' dir='ltr'><strong>medetur</strong></span> <span class='ocrx_word' id='word_1_162' title='bbox 733 1985 838 2068; x_wconf 91' lang='lat' dir='ltr'><strong>specie</strong></span> <span class='ocrx_word' id='word_1_163' title='bbox 867 1984 1013 2050; x_wconf 92' lang='lat' dir='ltr'><strong>nocendi.</strong></span> <span class='ocrx_word' id='word_1_164' title='bbox 1065 2005 1177 2069; x_wconf 92' lang='lat' dir='ltr'><strong>quem·</strong></span> <span class='ocrx_word' id='word_1_165' title='bbox 1213 2012 1215 2034; x_wconf 45' lang='lat' dir='ltr'>fl</span> 
     </span>
     <span class='ocr_line' id='line_1_22' title="bbox 150 2072 1176 2159; baseline 0.002 -21"><span class='ocrx_word' id='word_1_166' title='bbox 150 2073 323 2138; x_wconf 85' lang='lat' dir='ltr'><strong>admodum</strong></span> <span class='ocrx_word' id='word_1_167' title='bbox 365 2073 521 2156; x_wconf 85' lang='lat' dir='ltr'><strong>quaedam</strong></span> <span class='ocrx_word' id='word_1_168' title='bbox 555 2072 685 2137; x_wconf 88' lang='lat' dir='ltr'><strong>hastilia</strong></span> <span class='ocrx_word' id='word_1_169' title='bbox 722 2073 860 2156; x_wconf 88' lang='lat' dir='ltr'><strong>detorta,</strong></span> <span class='ocrx_word' id='word_1_170' title='bbox 893 2077 930 2137; x_wconf 89' lang='lat' dir='ltr'><strong>ut</strong></span> <span class='ocrx_word' id='word_1_171' title='bbox 965 2073 1176 2159; x_wconf 87' lang='lat' dir='ltr'><strong>corrigamus,</strong></span> 
     </span>
     <span class='ocr_line' id='line_1_23' title="bbox 150 2161 1177 2248; baseline -0.002 -19"><span class='ocrx_word' id='word_1_172' title='bbox 150 2162 313 2229; x_wconf 83' lang='lat' dir='ltr'><strong>adurimus</strong></span> <span class='ocrx_word' id='word_1_173' title='bbox 337 2165 370 2226; x_wconf 87' lang='lat' dir='ltr'><strong>et</strong></span> <span class='ocrx_word' id='word_1_174' title='bbox 393 2161 513 2226; x_wconf 83' lang='lat' dir='ltr'><strong>adactis</strong></span> <span class='ocrx_word' id='word_1_175' title='bbox 542 2162 664 2246; x_wconf 91' lang='lat' dir='ltr'><strong>cuneis,</strong></span> <span class='ocrx_word' id='word_1_176' title='bbox 691 2184 759 2227; x_wconf 92' lang='lat' dir='ltr'><strong>non</strong></span> <span class='ocrx_word' id='word_1_177' title='bbox 780 2165 818 2226; x_wconf 91' lang='lat' dir='ltr'><strong>ut</strong></span> <span class='ocrx_word' id='word_1_178' title='bbox 844 2163 1030 2248; x_wconf 82' lang='lat' dir='ltr'><strong>frangamus</strong></span> <span class='ocrx_word' id='word_1_179' title='bbox 1059 2161 1115 2234; x_wconf 88' lang='lat' dir='ltr'><strong>sed</strong></span> <span class='ocrx_word' id='word_1_180' title='bbox 1139 2165 1177 2227; x_wconf 91' lang='lat' dir='ltr'><strong>ut</strong></span> 
     </span>
     <span class='ocr_line' id='line_1_24' title="bbox 150 2249 1176 2338; baseline -0.001 -21"><span class='ocrx_word' id='word_1_181' title='bbox 150 2252 359 2338; x_wconf 84' lang='lat' dir='ltr'><strong>explicemus,</strong></span> <span class='ocrx_word' id='word_1_182' title='bbox 390 2249 551 2334; x_wconf 90' lang='lat' dir='ltr'><strong>elidimus,</strong></span> <span class='ocrx_word' id='word_1_183' title='bbox 582 2252 629 2316; x_wconf 91' lang='lat' dir='ltr'><strong>sic</strong></span> <span class='ocrx_word' id='word_1_184' title='bbox 660 2251 790 2337; x_wconf 85' lang='lat' dir='ltr'><strong>ingenia</strong></span> <span class='ocrx_word' id='word_1_185' title='bbox 818 2252 899 2316; x_wconf 82' lang='lat' dir='ltr'><strong>vitio</strong></span> <span class='ocrx_word' id='word_1_186' title='bbox 931 2273 1031 2336; x_wconf 83' lang='lat' dir='ltr'><strong>prava</strong></span> <span class='ocrx_word' id='word_1_187' title='bbox 1062 2250 1176 2316; x_wconf 91' lang='lat' dir='ltr'><strong>dolore</strong></span> 
     </span>
     <span class='ocr_line' id='line_1_25' title="bbox 115 2340 1176 2427; baseline -0.001 -20"><span class='ocrx_word' id='word_1_188' title='bbox 115 2343 295 2427; x_wconf 70' lang='lat' dir='ltr'><strong>scorporis</strong></span> <span class='ocrx_word' id='word_1_189' title='bbox 322 2341 485 2424; x_wconf 82' lang='lat' dir='ltr'><strong>animique</strong></span> <span class='ocrx_word' id='word_1_190' title='bbox 513 2341 712 2427; x_wconf 87' lang='lat' dir='ltr'><strong>corrigimus.</strong></span> <span class='ocrx_word' id='word_1_191' title='bbox 758 2362 874 2424; x_wconf 89' lang='lat' dir='ltr'><strong>nempe</strong></span> <span class='ocrx_word' id='word_1_192' title='bbox 901 2340 1043 2405; x_wconf 91' lang='lat' dir='ltr'><strong>medicus</strong></span> <span class='ocrx_word' id='word_1_193' title='bbox 1067 2340 1176 2424; x_wconf 90' lang='lat' dir='ltr'><strong>primo</strong></span> 
     </span>
     <span class='ocr_line' id='line_1_26' title="bbox 149 2428 1219 2513; baseline -0.006 -17"><span class='ocrx_word' id='word_1_194' title='bbox 149 2431 185 2512; x_wconf 87' lang='lat' dir='ltr'><strong>in</strong></span> <span class='ocrx_word' id='word_1_195' title='bbox 206 2431 330 2496; x_wconf 88' lang='lat' dir='ltr'><strong>levibus</strong></span> <span class='ocrx_word' id='word_1_196' title='bbox 344 2430 432 2494; x_wconf 82' lang='lat' dir='ltr'><strong>vitiis</strong></span> <span class='ocrx_word' id='word_1_197' title='bbox 456 2432 593 2513; x_wconf 88' lang='lat' dir='ltr'><strong>temptat</strong></span> <span class='ocrx_word' id='word_1_198' title='bbox 614 2451 682 2494; x_wconf 93' lang='lat' dir='ltr'><strong>non</strong></span> <span class='ocrx_word' id='word_1_199' title='bbox 705 2430 843 2495; x_wconf 89' lang='lat' dir='ltr'><strong>multum</strong></span> <span class='ocrx_word' id='word_1_200' title='bbox 862 2451 902 2494; x_wconf 89' lang='lat' dir='ltr'><strong>ex</strong></span> <span class='ocrx_word' id='word_1_201' title='bbox 919 2428 1081 2495; x_wconf 89' lang='lat' dir='ltr'><strong>cotidiana</strong></span> <span class='ocrx_word' id='word_1_202' title='bbox 1099 2450 1176 2495; x_wconf 88' lang='lat' dir='ltr'><strong>con·</strong></span> <span class='ocrx_word' id='word_1_203' title='bbox 1196 2449 1219 2490; x_wconf 52' lang='lat'><strong>22</strong></span> 
     </span>
     <span class='ocr_line' id='line_1_27' title="bbox 151 2518 1176 2603; baseline -0.001 -18"><span class='ocrx_word' id='word_1_204' title='bbox 151 2520 318 2586; x_wconf 79' lang='lat' dir='ltr'><strong>suetudine</strong></span> <span class='ocrx_word' id='word_1_205' title='bbox 332 2519 494 2584; x_wconf 90' lang='lat' dir='ltr'><strong>inflectere</strong></span> <span class='ocrx_word' id='word_1_206' title='bbox 509 2522 541 2583; x_wconf 92' lang='lat' dir='ltr'><strong>et</strong></span> <span class='ocrx_word' id='word_1_207' title='bbox 554 2518 648 2601; x_wconf 90' lang='lat' dir='ltr'><strong>cibis,</strong></span> <span class='ocrx_word' id='word_1_208' title='bbox 671 2519 872 2603; x_wconf 90' lang='lat' dir='ltr'><strong>potionibus,</strong></span> <span class='ocrx_word' id='word_1_209' title='bbox 891 2519 1176 2585; x_wconf 77' lang='lat' dir='ltr'><strong>exercitationibus</strong></span> 
     </span>
     <span class='ocr_line' id='line_1_28' title="bbox 151 2607 1177 2692; baseline -0.002 -18"><span class='ocrx_word' id='word_1_210' title='bbox 151 2610 296 2674; x_wconf 91' lang='lat' dir='ltr'><strong>ordinem</strong></span> <span class='ocrx_word' id='word_1_211' title='bbox 318 2608 472 2692; x_wconf 87' lang='lat' dir='ltr'><strong>inponere</strong></span> <span class='ocrx_word' id='word_1_212' title='bbox 495 2628 533 2673; x_wconf 93' lang='lat' dir='ltr'><strong>ac</strong></span> <span class='ocrx_word' id='word_1_213' title='bbox 555 2607 771 2672; x_wconf 83' lang='lat' dir='ltr'><strong>valetudinem</strong></span> <span class='ocrx_word' id='word_1_214' title='bbox 794 2611 920 2672; x_wconf 86' lang='lat' dir='ltr'><strong>tentum</strong></span> <span class='ocrx_word' id='word_1_215' title='bbox 943 2610 1067 2672; x_wconf 90' lang='lat' dir='ltr'><strong>mutata</strong></span> <span class='ocrx_word' id='word_1_216' title='bbox 1088 2608 1177 2673; x_wconf 83' lang='lat' dir='ltr'><strong>vitae</strong></span> 
     </span>
     <span class='ocr_line' id='line_1_29' title="bbox 151 2696 1176 2783; baseline -0.002 -19"><span class='ocrx_word' id='word_1_217' title='bbox 151 2698 362 2783; x_wconf 90' lang='lat' dir='ltr'><strong>dispositione</strong></span> <span class='ocrx_word' id='word_1_218' title='bbox 393 2697 528 2760; x_wconf 85' lang='lat' dir='ltr'><strong>firmare.</strong></span> <span class='ocrx_word' id='word_1_219' title='bbox 574 2696 759 2779; x_wconf 88' lang='lat' dir='ltr'><strong>proximum</strong></span> <span class='ocrx_word' id='word_1_220' title='bbox 791 2700 852 2779; x_wconf 89' lang='lat' dir='ltr'><strong>est,</strong></span> <span class='ocrx_word' id='word_1_221' title='bbox 885 2701 922 2761; x_wconf 93' lang='lat' dir='ltr'><strong>ut</strong></span> <span class='ocrx_word' id='word_1_222' title='bbox 954 2697 1068 2762; x_wconf 92' lang='lat' dir='ltr'><strong>modus</strong></span> <span class='ocrx_word' id='word_1_223' title='bbox 1100 2718 1176 2781; x_wconf 91' lang='lat' dir='ltr'><strong>pro-</strong></span> 
     </span>
    </p>

    <p class='ocr_par' dir='ltr' id='par_1_5' title="bbox 67 2785 1216 2960">
     <span class='ocr_line' id='line_1_30' title="bbox 67 2785 1177 2870; baseline 0.001 -19"><span class='ocrx_word' id='word_1_224' title='bbox 67 2835 70 2841; x_wconf 73' lang='lat'>‚</span> <span class='ocrx_word' id='word_1_225' title='bbox 151 2788 252 2870; x_wconf 82' lang='lat' dir='ltr'><strong>ficiat3</strong></span> <span class='ocrx_word' id='word_1_226' title='bbox 280 2788 307 2852; x_wconf 94' lang='lat' dir='ltr'><strong>si</strong></span> <span class='ocrx_word' id='word_1_227' title='bbox 335 2786 448 2851; x_wconf 90' lang='lat' dir='ltr'><strong>modus</strong></span> <span class='ocrx_word' id='word_1_228' title='bbox 472 2789 505 2849; x_wconf 91' lang='lat' dir='ltr'><strong>et</strong></span> <span class='ocrx_word' id='word_1_229' title='bbox 528 2785 606 2850; x_wconf 90' lang='lat' dir='ltr'><strong>ordo</strong></span> <span class='ocrx_word' id='word_1_230' title='bbox 630 2807 697 2850; x_wconf 92' lang='lat' dir='ltr'><strong>non</strong></span> <span class='ocrx_word' id='word_1_231' title='bbox 720 2785 862 2869; x_wconf 87' lang='lat' dir='ltr'><strong>proficit,</strong></span> <span class='ocrx_word' id='word_1_232' title='bbox 893 2786 1042 2851; x_wconf 89' lang='lat' dir='ltr'><strong>subducit</strong></span> <span class='ocrx_word' id='word_1_233' title='bbox 1065 2785 1177 2870; x_wconf 83' lang='lat' dir='ltr'><strong>aliqua</strong></span> 
     </span>
     <span class='ocr_line' id='line_1_31' title="bbox 150 2874 1216 2960; baseline -0.002 -18"><span class='ocrx_word' id='word_1_234' title='bbox 150 2881 183 2942; x_wconf 90' lang='lat' dir='ltr'><strong>et</strong></span> <span class='ocrx_word' id='word_1_235' title='bbox 206 2875 419 2960; x_wconf 73' lang='lat' dir='ltr'><strong>circumcidit,</strong></span> <span class='ocrx_word' id='word_1_236' title='bbox 447 2874 475 2939; x_wconf 90' lang='lat' dir='ltr'><strong>si</strong></span> <span class='ocrx_word' id='word_1_237' title='bbox 503 2897 544 2939; x_wconf 93' lang='lat' dir='ltr'><strong>ne</strong></span> <span class='ocrx_word' id='word_1_238' title='bbox 572 2874 675 2940; x_wconf 91' lang='lat' dir='ltr'><strong>adhoc</strong></span> <span class='ocrx_word' id='word_1_239' title='bbox 706 2874 835 2959; x_wconf 89' lang='lat' dir='ltr'><strong>quidem</strong></span> <span class='ocrx_word' id='word_1_240' title='bbox 864 2874 1049 2959; x_wconf 88' lang='lat' dir='ltr'><strong>respondet,</strong></span> <span class='ocrx_word' id='word_1_241' title='bbox 1077 2874 1177 2940; x_wconf 88' lang='lat' dir='ltr'><strong>inter·</strong></span> <span class='ocrx_word' id='word_1_242' title='bbox 1213 2905 1216 2926; x_wconf 61' lang='grc' dir='ltr'>ι</span> 
     </span>
    </p>
   </div>
   <div class='ocr_carea' id='block_1_3' title="bbox 124 3012 1177 3585">
    <p class='ocr_par' dir='ltr' id='par_1_6' title="bbox 124 3012 1177 3585">
     <span class='ocr_line' id='line_1_32' title="bbox 240 3012 1175 3086; baseline 0.002 -19"><span class='ocrx_word' id='word_1_243' title='bbox 240 3014 259 3074; x_wconf 79' lang='lat'>2</span> <span class='ocrx_word' id='word_1_244' title='bbox 277 3014 353 3083; x_wconf 91' lang='lat' dir='ltr'><strong>quod</strong></span> <span class='ocrx_word' id='word_1_245' title='bbox 367 3013 416 3079; x_wconf 81' lang='lat' dir='ltr'><strong>A1,</strong></span> <span class='ocrx_word' id='word_1_246' title='bbox 435 3029 504 3069; x_wconf 81' lang='lat' dir='ltr'><strong>corr.</strong></span> <span class='ocrx_word' id='word_1_247' title='bbox 520 3015 553 3067; x_wconf 80' lang='lat' dir='ltr'><strong>ia</strong></span> <span class='ocrx_word' id='word_1_248' title='bbox 571 3028 626 3081; x_wconf 91' lang='lat' dir='ltr'><strong>quo</strong></span> <span class='ocrx_word' id='word_1_249' title='bbox 640 3013 684 3069; x_wconf 86' lang='lat' dir='ltr'><strong>A¹</strong></span> <span class='ocrx_word' id='word_1_250' title='bbox 700 3012 710 3086; x_wconf 92' lang='grc' dir='ltr'><strong>ΗΗ</strong></span> <span class='ocrx_word' id='word_1_251' title='bbox 732 3012 750 3067; x_wconf 80' lang='grc'><strong>3</strong></span> <span class='ocrx_word' id='word_1_252' title='bbox 768 3013 890 3070; x_wconf 80' lang='lat' dir='ltr'><strong>habitus.</strong></span> <span class='ocrx_word' id='word_1_253' title='bbox 898 3014 935 3081; x_wconf 96' lang='lat' dir='ltr'><strong>A,</strong></span> <span class='ocrx_word' id='word_1_254' title='bbox 953 3013 1026 3082; x_wconf 80' lang='lat' dir='ltr'><strong>quod</strong></span> <span class='ocrx_word' id='word_1_255' title='bbox 1044 3013 1110 3069; x_wconf 77' lang='lat' dir='ltr'><strong>bem</strong></span> <span class='ocrx_word' id='word_1_256' title='bbox 1128 3014 1175 3069; x_wconf 82' lang='lat' dir='ltr'><strong>de·</strong></span> 
     </span>
     <span class='ocr_line' id='line_1_33' title="bbox 150 3083 1177 3156; baseline -0.002 -14"><span class='ocrx_word' id='word_1_257' title='bbox 150 3087 242 3156; x_wconf 67' lang='lat' dir='ltr'><strong>secedit</strong></span> <span class='ocrx_word' id='word_1_258' title='bbox 260 3085 342 3141; x_wconf 76' lang='lat' dir='ltr'><strong>Gertz</strong></span> <span class='ocrx_word' id='word_1_259' title='bbox 360 3085 421 3140; x_wconf 85' lang='lat' dir='ltr'><strong>coll.</strong></span> <span class='ocrx_word' id='word_1_260' title='bbox 436 3101 476 3154; x_wconf 78' lang='lat' dir='ltr'><strong>ep.</strong></span> <span class='ocrx_word' id='word_1_261' title='bbox 491 3089 535 3152; x_wconf 85' lang='lat'><strong>95,</strong></span> <span class='ocrx_word' id='word_1_262' title='bbox 545 3088 581 3139; x_wconf 89' lang='lat'><strong>57</strong></span> <span class='ocrx_word' id='word_1_263' title='bbox 599 3084 702 3138; x_wconf 86' lang='lat' dir='ltr'><strong>habitu</strong></span> <span class='ocrx_word' id='word_1_264' title='bbox 716 3085 742 3138; x_wconf 85' lang='lat' dir='ltr'><strong><em>L</em></strong></span> <span class='ocrx_word' id='word_1_265' title='bbox 757 3091 783 3139; x_wconf 82' lang='lat' dir='ltr'><strong>et</strong></span> <span class='ocrx_word' id='word_1_266' title='bbox 795 3086 864 3155; x_wconf 78' lang='lat' dir='ltr'><strong>oolp.</strong></span> <span class='ocrx_word' id='word_1_267' title='bbox 882 3083 892 3156; x_wconf 87' lang='grc' dir='ltr'><strong>ΗΗ</strong></span> <span class='ocrx_word' id='word_1_268' title='bbox 910 3084 929 3139; x_wconf 82' lang='lat'>4</span> <span class='ocrx_word' id='word_1_269' title='bbox 945 3084 1015 3153; x_wconf 88' lang='lat' dir='ltr'><strong>quid</strong></span> <span class='ocrx_word' id='word_1_270' title='bbox 1028 3084 1143 3140; x_wconf 90' lang='lat' dir='ltr'><strong>homine</strong></span> <span class='ocrx_word' id='word_1_271' title='bbox 1157 3099 1177 3140; x_wconf 77' lang='grc' dir='ltr'><strong><em>ς</em></strong></span> 
     </span>
     <span class='ocr_line' id='line_1_34' title="bbox 152 3155 1176 3228; baseline 0 -17"><span class='ocrx_word' id='word_1_272' title='bbox 152 3158 221 3227; x_wconf 89' lang='lat' dir='ltr'><strong>quid</strong></span> <span class='ocrx_word' id='word_1_273' title='bbox 240 3174 290 3212; x_wconf 88' lang='lat' dir='ltr'><strong>om.</strong></span> <span class='ocrx_word' id='word_1_274' title='bbox 305 3157 365 3212; x_wconf 85' lang='lat' dir='ltr'><strong>AL</strong></span> <span class='ocrx_word' id='word_1_275' title='bbox 379 3157 513 3225; x_wconf 57' lang='lat' dir='ltr'><strong>climace</strong></span> <span class='ocrx_word' id='word_1_276' title='bbox 530 3155 540 3228; x_wconf 96' lang='grc' dir='ltr'>Η</span> <span class='ocrx_word' id='word_1_277' title='bbox 557 3155 576 3209; x_wconf 82' lang='grc'><strong>6</strong></span> <span class='ocrx_word' id='word_1_278' title='bbox 590 3155 748 3211; x_wconf 87' lang='lat' dir='ltr'><strong>discindere</strong></span> <span class='ocrx_word' id='word_1_279' title='bbox 762 3157 878 3212; x_wconf 79' lang='lat' dir='ltr'><strong>Wolters</strong></span> <span class='ocrx_word' id='word_1_280' title='bbox 896 3155 906 3228; x_wconf 97' lang='grc' dir='ltr'>Η</span> <span class='ocrx_word' id='word_1_281' title='bbox 924 3156 941 3211; x_wconf 85' lang='grc'>8</span> <span class='ocrx_word' id='word_1_282' title='bbox 955 3159 1052 3225; x_wconf 85' lang='lat' dir='ltr'><strong>petere</strong></span> <span class='ocrx_word' id='word_1_283' title='bbox 1065 3157 1093 3212; x_wconf 89' lang='lat' dir='ltr'><strong><em>A</em></strong></span> <span class='ocrx_word' id='word_1_284' title='bbox 1110 3173 1176 3227; x_wconf 89' lang='lat' dir='ltr'><strong>per-</strong></span> 
     </span>
     <span class='ocr_line' id='line_1_35' title="bbox 152 3227 1177 3301; baseline 0 -17"><span class='ocrx_word' id='word_1_285' title='bbox 152 3231 218 3284; x_wconf 88' lang='lat' dir='ltr'><strong>dere</strong></span> <span class='ocrx_word' id='word_1_286' title='bbox 233 3231 329 3284; x_wconf 85' lang='lat' dir='ltr'><strong>Haase</strong></span> <span class='ocrx_word' id='word_1_287' title='bbox 348 3241 417 3283; x_wconf 77' lang='lat' dir='ltr'><strong>ecs</strong></span> <span class='ocrx_word' id='word_1_288' title='bbox 444 3228 447 3298; x_wconf 85' lang='grc' dir='ltr'>Η</span> <span class='ocrx_word' id='word_1_289' title='bbox 476 3227 629 3282; x_wconf 89' lang='lat' dir='ltr'><strong>commodis</strong></span> <span class='ocrx_word' id='word_1_290' title='bbox 649 3229 785 3283; x_wconf 58' lang='lat' dir='ltr'><strong>sturmus</strong></span> <span class='ocrx_word' id='word_1_291' title='bbox 808 3228 993 3282; x_wconf 88' lang='lat' dir='ltr'><strong>incommodis</strong></span> <span class='ocrx_word' id='word_1_292' title='bbox 1008 3230 1036 3283; x_wconf 96' lang='lat' dir='ltr'><strong><em>A</em></strong></span> <span class='ocrx_word' id='word_1_293' title='bbox 1060 3227 1071 3301; x_wconf 94' lang='grc' dir='ltr'>Η</span> <span class='ocrx_word' id='word_1_294' title='bbox 1094 3227 1130 3282; x_wconf 90' lang='lat'><strong>11</strong></span> <span class='ocrx_word' id='word_1_295' title='bbox 1148 3237 1177 3285; x_wconf 80' lang='lat' dir='ltr'><strong>et</strong></span> 
     </span>
     <span class='ocr_line' id='line_1_36' title="bbox 152 3298 1176 3370; baseline -0.001 -13"><span class='ocrx_word' id='word_1_296' title='bbox 152 3299 379 3357; x_wconf 83' lang='lat' dir='ltr'><strong>emendatissimo</strong></span> <span class='ocrx_word' id='word_1_297' title='bbox 394 3298 492 3354; x_wconf 70' lang='lat' dir='ltr'><strong>A&#39;Ls</strong></span> <span class='ocrx_word' id='word_1_298' title='bbox 510 3299 793 3370; x_wconf 76' lang='lat' dir='ltr'><strong>&amp;mendatissimo(?)</strong></span> <span class='ocrx_word' id='word_1_299' title='bbox 807 3299 850 3355; x_wconf 83' lang='lat' dir='ltr'><strong>A¹</strong></span> <span class='ocrx_word' id='word_1_300' title='bbox 866 3299 877 3370; x_wconf 96' lang='grc' dir='ltr'>Η</span> <span class='ocrx_word' id='word_1_301' title='bbox 895 3299 930 3353; x_wconf 82' lang='grc'><strong>19</strong></span> <span class='ocrx_word' id='word_1_302' title='bbox 949 3300 1009 3354; x_wconf 90' lang='lat' dir='ltr'><strong>sine</strong></span> <span class='ocrx_word' id='word_1_303' title='bbox 1028 3299 1072 3353; x_wconf 85' lang='lat' dir='ltr'><strong>ira</strong></span> <span class='ocrx_word' id='word_1_304' title='bbox 1091 3299 1176 3356; x_wconf 79' lang='lat' dir='ltr'><strong>Gertz</strong></span> 
     </span>
     <span class='ocr_line' id='line_1_37' title="bbox 153 3369 1177 3443; baseline 0.002 -17"><span class='ocrx_word' id='word_1_305' title='bbox 153 3373 263 3426; x_wconf 81' lang='lat' dir='ltr'><strong>sincera</strong></span> <span class='ocrx_word' id='word_1_306' title='bbox 276 3373 304 3426; x_wconf 92' lang='lat' dir='ltr'><strong><em>A</em></strong></span> <span class='ocrx_word' id='word_1_307' title='bbox 322 3371 332 3443; x_wconf 97' lang='grc' dir='ltr'>Η</span> <span class='ocrx_word' id='word_1_308' title='bbox 354 3369 390 3425; x_wconf 76' lang='grc'><strong>30</strong></span> <span class='ocrx_word' id='word_1_309' title='bbox 407 3387 443 3425; x_wconf 95' lang='lat' dir='ltr'><strong>ne</strong></span> <span class='ocrx_word' id='word_1_310' title='bbox 463 3371 554 3424; x_wconf 85' lang='lat' dir='ltr'><strong>adhoc</strong></span> <span class='ocrx_word' id='word_1_311' title='bbox 573 3371 688 3438; x_wconf 91' lang='lat' dir='ltr'><strong>quidem</strong></span> <span class='ocrx_word' id='word_1_312' title='bbox 702 3372 738 3439; x_wconf 87' lang='lat' dir='ltr'><strong>A,</strong></span> <span class='ocrx_word' id='word_1_313' title='bbox 757 3371 830 3440; x_wconf 75' lang='lat' dir='ltr'><strong>qaod</strong></span> <span class='ocrx_word' id='word_1_314' title='bbox 847 3372 1011 3426; x_wconf 66' lang='lat' dir='ltr'><strong>cosmum</strong></span> <span class='ocrx_word' id='word_1_315' title='bbox 1030 3387 1085 3427; x_wconf 79' lang='lat' dir='ltr'><strong>esse</strong></span> <span class='ocrx_word' id='word_1_316' title='bbox 1102 3371 1177 3429; x_wconf 72' lang='lat' dir='ltr'><strong>vidit</strong></span> 
     </span>
     <span class='ocr_line' id='line_1_38' title="bbox 138 3441 1175 3512; baseline 0.005 -17"><span class='ocrx_word' id='word_1_317' title='bbox 138 3443 220 3494; x_wconf 83' lang='lat' dir='ltr'><strong>Aem.</strong></span> <span class='ocrx_word' id='word_1_318' title='bbox 249 3444 373 3497; x_wconf 67' lang='lat' dir='ltr'><strong>Ibamus</strong></span> <span class='ocrx_word' id='word_1_319' title='bbox 401 3443 507 3512; x_wconf 70' lang='lat' dir='ltr'><strong>(Herae.</strong></span> <span class='ocrx_word' id='word_1_320' title='bbox 531 3442 678 3496; x_wconf 87' lang='lat' dir='ltr'><strong><em>XXVIII</em></strong></span> <span class='ocrx_word' id='word_1_321' title='bbox 693 3459 724 3512; x_wconf 81' lang='lat' dir='ltr'><strong>p.</strong></span> <span class='ocrx_word' id='word_1_322' title='bbox 739 3445 793 3496; x_wconf 82' lang='lat'><strong>308</strong></span> <span class='ocrx_word' id='word_1_323' title='bbox 817 3459 845 3496; x_wconf 81' lang='lat' dir='ltr'><strong>a.</strong></span> <span class='ocrx_word' id='word_1_324' title='bbox 864 3445 908 3511; x_wconf 81' lang='lat'><strong>3);</strong></span> <span class='ocrx_word' id='word_1_325' title='bbox 932 3444 1043 3512; x_wconf 79' lang='lat' dir='ltr'><strong>saepius</strong></span> <span class='ocrx_word' id='word_1_326' title='bbox 1071 3441 1175 3500; x_wconf 73' lang='lat' dir='ltr'><strong>Seneca</strong></span> 
     </span>
     <span class='ocr_line' id='line_1_39' title="bbox 124 3506 1012 3585; baseline 0.015 -27"><span class='ocrx_word' id='word_1_327' title='bbox 124 3506 186 3560; x_wconf 80' lang='lat' dir='ltr'><strong>hoc</strong></span> <span class='ocrx_word' id='word_1_328' title='bbox 203 3517 235 3564; x_wconf 76' lang='lat' dir='ltr'><strong>et</strong></span> <span class='ocrx_word' id='word_1_329' title='bbox 252 3511 351 3568; x_wconf 79' lang='lat' dir='ltr'><strong>adhoc</strong></span> <span class='ocrx_word' id='word_1_330' title='bbox 363 3529 424 3583; x_wconf 73' lang='lat' dir='ltr'><strong>pro</strong></span> <span class='ocrx_word' id='word_1_331' title='bbox 442 3513 500 3570; x_wconf 88' lang='lat' dir='ltr'><strong>hnc</strong></span> <span class='ocrx_word' id='word_1_332' title='bbox 519 3520 544 3571; x_wconf 85' lang='lat' dir='ltr'><strong>et</strong></span> <span class='ocrx_word' id='word_1_333' title='bbox 564 3512 659 3570; x_wconf 85' lang='lat' dir='ltr'><strong>adhuc</strong></span> <span class='ocrx_word' id='word_1_334' title='bbox 675 3514 755 3570; x_wconf 86' lang='lat' dir='ltr'><strong>babet</strong></span> <span class='ocrx_word' id='word_1_335' title='bbox 771 3529 807 3567; x_wconf 89' lang='lat' dir='ltr'><strong>ne</strong></span> <span class='ocrx_word' id='word_1_336' title='bbox 824 3512 878 3567; x_wconf 83' lang='lat' dir='ltr'><strong>hoc</strong></span> <span class='ocrx_word' id='word_1_337' title='bbox 894 3514 1012 3585; x_wconf 70' lang='lat' dir='ltr'><strong>Modoiy</strong></span> 
     </span>
    </p>
   </div>
   <div class='ocr_carea' id='block_1_4' title="bbox 0 0 1225 3846">
    <p class='ocr_par' dir='ltr' id='par_1_7' title="bbox 0 0 1225 3846">
     <span class='ocr_line' id='line_1_40' title="bbox 0 0 1225 3846; baseline 0 0"><span class='ocrx_word' id='word_1_338' title='bbox 0 0 1225 3846; x_wconf 95' lang='lat' dir='ltr'><strong> </strong></span> 
     </span>
    </p>
   </div>
  </div>
 </body>
</html>
