2438 3846
128 145 196 212 324
324 142 354 199 L.
369 141 513 198 ANNAEI
530 139 696 198 SENECAE
715 140 811 199 DIAL.
825 141 893 197 LIB.
907 140 954 199 XI.

129 311 248 378 magna
268 288 408 356 felicitas
430 289 466 355 in
488 285 559 375 ipsa
581 289 772 358 necessitate
794 287 961 354 moriendi.
1007 287 1092 353 nibil
1113 311 1156 355 ne

128 381 164 446 in
186 383 293 446 totum
317 379 447 464 quidem
470 379 555 445 diem
579 378 658 445 certi
681 382 746 444 est:
774 378 846 463 quis
869 377 905 443 in
926 381 994 442 tem
1018 378 1158 443 obscura

129 474 163 535 et
188 467 336 535 involuta
362 469 497 535 veritate
525 467 663 553 divinat,
690 471 841 533 utrumne
868 468 962 532 fratri
985 472 1042 532 tuo
1067 489 1156 533 mors

129 557 281 625 inviderit
303 581 346 624 an
368 557 589 625 consuluerit?

95 687 110 736 1
219 664 258 732 X
295 663 381 732 Illud
409 687 553 751 quoque,
580 687 645 751 qua
671 664 796 730 iustitia
822 663 857 730 in
885 662 1036 729 omnibus
1059 663 1158 730 rebus
1191 682 1204 724 s

34 800 37 802 -
130 777 178 841 ee,
199 776 330 822 neeesse
352 758 401 821 est
423 759 455 821 te
474 756 605 821 adiuvet
623 755 820 841 cogitantem
838 775 906 820 non
926 752 1078 818 iniuriam
1096 752 1159 819 tibi

128 844 262 930 factam,
293 844 380 929 quod
409 845 509 911 talem
538 845 671 910 fratrem
699 843 851 928 amisisti,
880 843 936 909 sed
962 842 1158 908 beneficium

130 935 256 1019 datum,
287 935 375 1020 quod
404 939 471 1000 tem
505 934 561 1000 diu
596 932 659 1001 tibi
691 933 811 1019 pietate
846 933 914 999 eius
946 931 996 998 uti
1027 932 1159 1017 fruique

95 1024 232 1094 elicuit
277 1024 407 1109 iniquus
438 1028 500 1109 est,
530 1025 588 1110 qui
617 1023 759 1090 muneris
790 1022 841 1089 sui
869 1021 1039 1088 arbitrium
1067 1022 1159 1087 danti

130 1135 198 1180 non
219 1113 387 1199 relinquit,
414 1115 545 1198 avidus,
566 1113 622 1199 qui
644 1134 711 1179 non
732 1113 817 1179 lueri
838 1113 911 1179 loco
935 1110 1047 1196 hebet,
1071 1111 1159 1196 quod
1177 1131 1203 1172 ro

131 1204 270 1290 accepit,
298 1204 354 1270 sed
382 1203 505 1288 damni,
535 1203 622 1289 quod
644 1202 792 1268 reddidit.
839 1202 986 1289 ingratus
1010 1204 1073 1285 est,
1101 1202 1159 1286 qui

131 1292 283 1359 iniuriam
312 1297 408 1359 vocat
436 1293 535 1358 finem
562 1292 754 1378 voluptatis,
784 1293 928 1375 stultus,
947 1291 1003 1377 qui
1030 1291 1159 1356 nullum

130 1383 273 1448 fructum
296 1403 365 1449 esse
383 1386 478 1468 putat
494 1384 656 1448 bonorum
673 1382 738 1447 nisi
755 1381 988 1467 praesentium,
1011 1381 1068 1466 qui
1091 1402 1159 1446 non

132 1476 164 1538 et
186 1472 222 1538 in
243 1473 424 1557 praeteritis
448 1472 628 1557 adquiescit
651 1475 684 1538 et
706 1494 744 1537 ea
761 1472 883 1537 iudicet
901 1469 1052 1554 certiora,
1076 1492 1159 1554 quae

133 1561 294 1647 abierunt,
321 1562 398 1647 quia
421 1563 460 1628 de
482 1562 548 1627 illie
571 1583 612 1628 ne
636 1559 785 1628 desinent
807 1583 874 1626 non
897 1564 946 1626 est
968 1560 1158 1626 timendum.
1178 1579 1202 1622 rs

97 1652 229 1719 enimis
252 1655 405 1739 angustat
427 1652 546 1739 gaudia
571 1673 644 1736 sua,
666 1652 723 1737 qui
746 1651 791 1717 eis
810 1650 1053 1733 tantummodo,
1077 1671 1159 1735 quae

131 1741 230 1806 habet
257 1762 295 1808 ac
321 1741 423 1826 videt,
450 1740 515 1807 frui
542 1763 576 1806 se
604 1744 699 1825 putat
727 1744 761 1806 et
784 1741 936 1806 habuisse
964 1738 1076 1804 eadem
1098 1760 1159 1823 pro

132 1829 235 1895 nihilo
263 1830 366 1916 ducit3
394 1832 459 1897 cito
488 1831 574 1896 enim
601 1852 662 1896 nos
691 1830 797 1895 omnis
819 1830 971 1915 voluptas
994 1828 1160 1911 relinquit,

133 1939 214 2003 quae
233 1919 306 1984 finit
325 1924 357 1986 et
375 1921 492 1985 transit
510 1924 543 1985 et
560 1941 662 2005 paene
681 1919 868 2003 antequam
882 1919 991 1984 veniat
1005 1916 1158 1983 aufertur.

132 2009 241 2094 itaque
264 2009 300 2073 in
322 2009 531 2094 praeteritum
554 2014 682 2095 tempus
706 2010 833 2074 ammes
857 2008 1034 2074 mittendus
1058 2011 1109 2072 est
1128 2010 1161 2072 et
1178 2029 1205 2069 ao

133 2098 288 2182 quicquid
315 2121 375 2164 nos
403 2120 558 2182 nmquam
587 2098 760 2165 delectavit
786 2097 1004 2164 reducendum
1032 2119 1080 2181 uo>
1098 2097 1160 2162 fre·

133 2189 245 2271 quenti
269 2188 466 2275 cogitatione
489 2189 752 2272 pertractandum
775 2192 836 2253 est:
866 2186 996 2273 longior
1019 2185 1161 2251 fidelior-

96 2293 196 2362 4que
224 2281 273 2342 est
299 2278 455 2342 memoria
482 2279 687 2362 voluptatum
716 2299 813 2363 quam
836 2276 1024 2361 praesentia.
1072 2274 1160 2360 quod

132 2364 275 2432 habuisti
294 2389 371 2454 ergo
391 2366 552 2453 optimum
570 2368 718 2452 fratrem,
740 2367 777 2431 in
793 2367 927 2431 summis
947 2365 1041 2430 bonis
1060 2365 1160 2450 ponel

132 2477 200 2522 non
223 2456 383 2540 estquod
406 2457 545 2544 cogites,
573 2461 695 2543 quanto
719 2456 840 2522 diutius
863 2456 982 2521 habere
1005 2454 1161 2539 potueris,
1179 2475 1205 2517 rs

133 2546 189 2612 sed
213 2569 311 2631 quam
335 2546 391 2612 diu
413 2546 573 2622 habueris.
618 2568 726 2612 rerum
748 2550 865 2612 natura
882 2546 976 2610 illum
994 2545 1057 2610 tibi
1076 2544 1161 2610 sicut

133 2637 248 2702 ceteris
274 2636 389 2703 fratres
418 2658 493 2702 suos
520 2659 588 2702 non
615 2636 777 2721 mancipio
806 2636 908 2720 dedit,
935 2634 990 2699 sed
1019 2656 1161 2701 commo·

222 2811 239 2868 1
265 2812 435 2868 necessitate
456 2813 580 2883 Heylbot
603 2813 636 2866 irc
660 2812 976 2868 diesert.Bonc.1876
1004 2813 1081 2867 lbos.
1103 2812 1164 2867 VH

132 2883 272 2940 felicitate
293 2885 316 2941 0
338 2883 480 2939 facilitate
499 2885 660 2955 Pctsebeoiy
682 2883 692 2956 ll
716 2883 734 2938 2
756 2884 787 2937 in
806 2891 870 2938 arcte
887 2885 948 2937 tam
967 2882 1088 2938 obscura
1107 2883 1160 2938 del.

138 2957 181 3013 W.
202 2956 309 3012 Gemoll
329 2955 340 3026 {l
364 2955 382 3010 8
404 2955 527 3011 ueritate
549 2956 572 3011 0
598 2955 737 3010 varietate
755 2957 913 3010 Pincianus
935 2955 995 3010 coll.
1015 2972 1036 3010 e.
1057 2958 1133 3021 11,5
1151 2954 1162 3026 Η
1200 2974 1205 2983 ·

132 3027 305 3083 linuiderit
321 3027 348 3082 V
365 3033 391 3081 et
407 3029 476 3097 colq.
500 3026 630 3081 inuideat
651 3026 701 3100 ΟΗ
723 3025 742 3081 o
760 3043 790 3082 es
805 3028 962 3082 Pincianus
979 3028 1023 3081 est
1044 3027 1067 3082 O
1087 3027 1090 3098 l
1112 3042 1168 3079 ne-.

133 3114 210 3155 cesse
229 3102 273 3154 est
285 3099 385 3155 DEV
398 3114 512 3153 neeesse
525 3098 621 3154 BHG
640 3097 688 3222 lqss
705 3098 760 3153 tibi
779 3098 888 3168 pietate
907 3099 966 3152 eius
985 3098 1030 3153 uti
1047 3097 1162 3166 fruique

132 3171 215 3226 licuit
235 3171 296 3226 BG
321 3171 430 3238 pietate
454 3186 477 3225 e.
492 3187 519 3224 u.
534 3169 553 3224 f.
572 3168 627 3224 tibi
661 3169 732 3225 icuit
750 3170 818 3225 DE
841 3170 949 3239 pietate
969 3169 1029 3224 eius
1047 3167 1162 3237 fruique

132 3241 188 3297 tibi
206 3241 288 3296 licuit
303 3243 336 3296 H
351 3242 461 3311 pietate
480 3241 540 3296 eius
556 3240 612 3296 tibi
625 3242 670 3295 uti
683 3241 766 3296 licuit
781 3242 808 3296 V
849 3241 885 3295 10
898 3240 1035 3310 relinquit
1047 3241 1077 3295 B
1096 3239 1161 3294 reli-

134 3314 197 3382 quit
211 3314 235 3371 0
250 3313 260 3385 ll
278 3312 314 3367 13
332 3329 394 3368 esse
408 3313 493 3381 putat
506 3313 535 3367 B
553 3315 638 3381 putat
651 3329 712 3367 esee
727 3312 751 3369 0
756 3312 816 3368 GV
834 3312 839 3385 l
855 3312 892 3368 23
909 3311 1118 3381 uoluptandum
1133 3313 1162 3367 B

133 3401 202 3441 coer.
217 3403 252 3440 m.
267 3388 287 3440 2
304 3385 314 3453 ll
330 3383 367 3438 26
385 3383 435 3438 sed
451 3402 485 3438 m.
500 3389 519 3439 2
534 3385 600 3439 add.
614 3387 646 3440 io
660 3385 688 3440 B
709 3384 712 3457 1
733 3382 788 3439 tibi
798 3384 826 3438 B
840 3401 875 3455 m.
889 3387 909 3439 2
921 3390 948 3438 et
959 3384 1028 3454 colq.
1044 3381 1100 3438 eibi
1117 3383 1140 3439 0
1153 3384 1162 3451 'l

123 3455 168 3509 27
187 3454 295 3511 fratres
320 3471 386 3510 suos
411 3455 531 3525 Medeia
558 3454 694 3510 fratribus
723 3471 787 3509 suos
814 3456 836 3511 0
863 3453 1000 3509 fratribus
1029 3453 1087 3509 suis
1113 3438 1159 3526 Vl

110 3526 265 3598 mancipio
280 3529 313 3584 B
329 3527 502 3601 mancipioe·
512 3526 580 3586 GH
595 3529 629 3586 'm
643 3527 819 3597 nancietum
832 3527 859 3582 V
872 3543 924 3581 om.
938 3525 1006 3580 DE
