2438 3846
99 156 161 222 162
292 153 323 208 L.
338 151 480 206 ANNAEI
499 149 663 207 SENECAE
681 149 776 204 DIAL.
792 149 859 204 LlB.
874 148 921 205 VI.

97 319 244 365 securum
272 302 328 362 aut
354 298 577 384 neglegentem
601 297 773 381 opprimes.
819 296 885 362 scio
909 295 988 379 quid
1009 317 1118 380 pares:

60 388 196 456 uallum
226 387 355 471 quidem
385 385 587 471 percussisti,
614 385 669 450 sed
696 407 748 450 me
775 383 907 469 petisti'
953 385 1024 467 quis
1048 408 1117 450 um-

97 498 193 560 quam
216 498 266 541 res
290 496 363 542 suas
387 476 478 558 quasi
501 475 663 560 periturus
686 473 833 559 aspexit?
868 474 940 558 quis
962 495 1117 557 umquam

95 569 242 630 nostrum
266 565 305 629 de
329 565 440 648 exilio,
462 564 501 628 de
520 567 673 650 egestate,
692 564 731 628 de
748 564 840 628 luctu
858 564 1001 649 cogitare
1019 585 1116 628 ausus

96 654 166 720 est?
211 655 283 738 quis
313 676 392 737 non,
423 653 450 718 si
480 654 690 719 admoneatur
719 657 756 717 ut
786 650 920 738 cogitet,
949 656 1116 737 tamquam
1149 671 1161 712 a

97 745 201 808 dirum
225 765 319 808 omen
337 746 468 826 respuat
486 746 518 807 et
536 744 571 807 in
590 742 696 826 capita
714 742 920 807 inimicorum
939 745 995 806 aut
1013 742 1116 827 ipsius

95 833 314 916 intempestivi
337 831 506 897 monitoris
531 831 618 896 abire
641 830 699 895 illa
721 829 851 895 iubeat?
897 829 978 895 ‘non
1003 831 1116 914 putavi

61 920 262 990 afuturum?
315 921 488 1004 quicquam
524 925 561 985 tu
597 923 693 1005 putas
730 942 796 985 non
832 920 991 1001 futurum,
1028 920 1116 1002 quod

96 1009 237 1096 [multis]
268 1010 329 1076 scis
358 1031 453 1095 posse
480 1010 565 1093 fieri,
593 1009 679 1094 quod
703 1009 814 1074 multis
837 1009 927 1074 vides
951 1007 1117 1073 evenisse?

95 1101 261 1186 egregium
285 1121 413 1166 versum
436 1102 469 1164 et
492 1099 626 1185 dignum
649 1099 706 1182 qui
728 1120 795 1164 non
813 1120 830 1163 e
849 1097 977 1182 pulpito
1002 1098 1116 1163 exiret:
1135 1115 1161 1156 ιο

245 1220 333 1276 cuivis
351 1223 447 1290 potest
465 1220 594 1275 accidere
613 1219 688 1288 quod
708 1220 840 1289 cuiquam
859 1221 966 1289 potest!

95 1333 150 1397 ille
173 1332 281 1396 amisit
303 1332 435 1397 liberos:
459 1334 492 1396 et
513 1335 551 1396 tu
574 1329 720 1395 amittere
742 1332 849 1414 potes3
872 1329 927 1395 ille
946 1329 1116 1395 damnatus

95 1425 157 1487 est:
181 1425 213 1486 et
235 1425 292 1485 tua
314 1420 499 1486 innocentia
521 1420 581 1486 sub
604 1420 672 1485 ictu
695 1422 751 1485 est.
798 1441 887 1485 error
912 1419 1031 1504 decipit
1053 1418 1116 1503 hic,

95 1511 270 1594 effeminat,
295 1509 372 1574 dum
395 1510 537 1594 patimur
560 1526 641 1594 quae
659 1530 837 1593 numquam
856 1508 1002 1594 patinos
1021 1530 1117 1594 posse

95 1599 304 1685 providimus.
350 1600 454 1665 aufert
476 1598 543 1663 vim
565 1599 787 1683 praesentibus
811 1597 904 1664 malis
928 1598 985 1682 qui
1007 1597 1117 1663 futura
1136 1616 1161 1656 1⁵

60 1697 62 1703 '
95 1689 270 1773 prospexit.

61 1798 75 1846 1
184 1777 223 1842 X.
259 1776 420 1861 Quicquid
444 1780 493 1842 est
514 1776 591 1861 hoo,
617 1775 753 1860 Marcia,
776 1775 862 1860 quod
886 1775 1052 1841 ducenos
1077 1797 1117 1840 ex

95 1867 274 1932 adventicio
298 1866 415 1953 fulget,
437 1865 545 1949 liberi,
567 1865 729 1949 honores,'
744 1886 836 1950 opes,
858 1865 966 1950 ampla
984 1864 1066 1932 atria
1085 1870 1117 1929 et

96 1957 300 2022 exclusorum
330 1955 496 2021 clientium
524 1955 619 2020 turba
648 1955 766 2021 referta
792 1955 965 2038 vestibula,
993 1955 1116 2020 clarum

94 2066 218 2127 nomeu,
240 2044 359 2110 nobilis
378 2048 435 2110 aut
452 2044 595 2109 formosa
614 2044 733 2110 coniux
751 2048 919 2128 ceteraque
937 2066 977 2108 ex
995 2043 1117 2108 inoeita
1135 2061 1161 2101 2⁰

95 2138 128 2200 et
158 2134 271 2200 mobili
301 2138 387 2200 sorte
417 2133 590 2219 pendentia
617 2133 713 2198 alieni
736 2132 996 2217 commodatique
1019 2155 1116 2217 appa-

94 2227 183 2289 ratus
208 2227 296 2307 sunt3
324 2223 408 2289 nihil
430 2223 547 2309 horum
571 2221 656 2288 dono
681 2222 786 2288 datur:
816 2222 996 2289 conlaticiis
1020 2222 1116 2287 etad

95 2312 243 2378 dominos
270 2313 421 2378 redituris
449 2312 672 2378 instrumentis
698 2334 813 2378 scaena
835 2313 1023 2395 adornatum
1053 2310 1117 2376 alia

95 2424 135 2466 ex
157 2403 208 2468 his
231 2402 338 2487 primo
357 2401 423 2485 die,
441 2401 504 2466 alia
518 2401 662 2467 'secundo
681 2401 874 2484 referentur,
892 2422 995 2486 pauca
1013 2421 1116 2484 usque

59 2491 135 2558 aad
159 2492 256 2557 finem
279 2491 537 2577 perseverabunt
579 2491 689 2575 itaque
711 2512 778 2556 non
800 2494 849 2556 est
872 2490 959 2575 quod
981 2511 1042 2556 nos
1065 2511 1116 2554 su·
1134 2508 1161 2548 2⁵

184 2650 219 2705 11
238 2650 271 2704 P.
287 2648 353 2721 Syri
370 2664 437 2705 vers.
454 2654 508 2706 119
525 2647 623 2706 Ritt’
640 2649 675 2716 cf.
690 2649 757 2706 diui.
772 2649 823 2704 IX
841 2653 916 2718 11,s

183 2756 202 2812 8
226 2756 368 2825 petiturus
392 2757 419 2812 A
447 2755 588 2826 perituras
611 2769 629 2811 ς
655 2763 688 2812 ut
712 2757 782 2812 coui.
805 2756 925 2826 Beutlsp
953 2754 1116 2824 perditums

95 2829 178 2885 Gertz
196 2829 256 2884 coll.
271 2839 312 2897 ep.
327 2832 403 2895 63,7
427 2827 438 2901 11
462 2827 625 2883 inostrum
643 2831 804 2884 suestram
817 2830 846 2883 A
867 2828 878 2900 11
903 2826 975 2882 sut
997 2842 1065 2882 cour.
1084 2828 1116 2882 iu

94 2918 180 2972 muup.
196 2900 227 2955 F
243 2905 268 2955 et
285 2899 345 2954 edd.
360 2916 438 2969 supp.
458 2901 489 2954 et
505 2899 534 2955 A
553 2898 607 3027 119
624 2899 722 2956 multis
744 2901 825 2955 unsis
841 2898 956 2954 inclusit
973 2899 1090 2969 Maduip
1108 2899 1115 2976 1

94 2971 222 3026 euenisse
236 2971 351 3032 Acorr.
368 2987 402 3026 eu·
419 2973 491 3026 -sset
507 2970 519 3044 11
536 2970 553 3026 l
589 2977 653 3027 aute
671 2988 687 3028 a
700 2973 875 3056 praeposius
892 2986 977 3042 murp.
993 2975 1019 3024 et
1034 2970 1117 3025 iuitio

94 3059 188 3098 ceruus
210 3042 319 3113 aliquid
336 3058 450 3098 erasum
473 3050 512 3099 est
538 3042 542 3116 1
570 3059 586 3097 e
607 3041 720 3168 pulffiito
738 3044 828 3098 enret
846 3043 948 3112 Haupt
972 3057 988 3096 e
1009 3040 1116 3110 populo

95 3114 136 3168 eri
150 3113 173 3168 u
187 3114 251 3169 AF
265 3114 277 3186 11
294 3113 329 3169 lc
347 3129 385 3168 es.
413 3115 504 3170 tortor
522 3114 637 3184 decipu.
685 3115 712 3169 ic
730 3113 876 3170 effeminat
892 3113 934 3169 A¹
956 3111 997 3185 ὀ11.
1026 3113 1118 3167 terror

95 3184 209 3254 decipit.
237 3185 265 3241 h.
281 3201 305 3240 e.
323 3185 373 3241 Αἱ
408 3202 483 3241 uscue
505 3203 567 3242 eum
585 3186 733 3257 Musicipic
754 3184 869 3242 editores
887 3190 951 3240 aute
971 3181 1117 3239 effeminat

95 3255 166 3311 mule
189 3257 218 3310 et
237 3256 380 3311 inculcant
400 3254 411 3328 11
435 3255 471 3311 15
495 3257 671 3327 prouidimus
689 3257 721 3312 F
734 3263 767 3312 ut
784 3257 851 3381 culp.
870 3272 894 3341 p
914 3255 1056 3330 [uidimus
1074 3254 1118 3310 Α5

96 3329 124 3396 (2
137 3327 188 3382 litt.
204 3341 273 3383 crus.
287 3327 335 3382 sed
351 3344 376 3402 p
395 3344 430 3382 m.
446 3333 462 3382 1
480 3329 622 3399 scripsisse
638 3328 705 3398 uid.)
730 3326 829 3400 '1811
849 3343 865 3382 e
927 3328 1006 3395 (erae.
1020 3325 1076 3381 uid.
1092 3328 1117 3394 s)

95 3399 123 3453 A
147 3396 158 3471 11
184 3397 219 3453 19
245 3397 353 3453 clarum
376 3401 562 3467 <nomen‚>
585 3396 688 3453 nobilis
745 3399 829 3470 udeip
852 3397 959 3453 clarum
986 3398 1069 3467 (corr.
1085 3398 1118 3450 iu

95 3468 321 3539 claram.1-2)
340 3466 445 3525 nobilis
458 3471 487 3525 A
505 3469 597 3542 gloria
610 3469 732 3528 nominis
747 3469 883 3527 Schultess
899 3467 911 3542 11
927 3467 963 3524 28
976 3466 1118 3523 redituros

76 3553 147 3592 cm
165 3541 199 3594 s'n
217 3540 272 3595 -m‘s
284 3541 368 3597 ΑΜ
