2438 3846
505 137 713 216 Pamrarro
1070 134 1123 191 vn

95 289 301 368 Ambrosiam,
324 308 403 367 quae
426 288 564 368 dialogos
588 288 718 348 Senecae
740 287 960 366 complectitur.
1005 289 1039 348 in
1062 307 1123 367 qna

95 398 163 439 cnm
195 381 297 440 onmia
328 380 452 456 quidem
481 377 586 438 eadem
614 397 708 438 manu
738 379 866 454 scripta,
895 378 948 438 sed
974 377 1074 438 multa
1103 397 1123 437 a

94 468 220 530 dirersis
250 488 305 529 nec
323 468 472 528 ¹eiusdem
503 466 614 528 aetatis
648 466 864 528 correctoribus
895 470 1016 528 mutata
1051 466 1123 541 sint,

94 577 213 618 summa
241 577 314 618 cura
342 557 516 618 adhibenda
545 559 605 634 est,
631 560 668 618 ut
694 557 770 635 quid
797 557 905 635 cuique
928 555 1121 618 tribuendum

58 718 59 721 Ἴ
94 647 135 709 sit
158 667 250 726 quam
272 648 497 709 accuratissime
519 647 586 707 fieri
603 648 702 725 possit
719 646 867 707 dinoscas.
909 664 971 724 qua
988 645 1122 706 muneris

94 738 142 798 sui
171 739 257 815 parte
287 756 356 798 cum
385 736 460 797 Itali
483 737 642 798 collatores
671 736 806 797 Fickerti
835 755 897 796 non
925 736 1001 796 bene
1024 734 1123 796 functi

94 830 203 902 essent,
224 826 332 887 melius
354 826 441 886 Koch
463 846 527 886 rem
550 844 622 887 sane
646 826 858 888 difficillimam
881 844 1041 906 aggressus
1062 827 1122 898 est3

94 915 147 976 sed
177 936 215 974 ne
246 916 273 976 is
311 915 432 994 quidem
466 934 516 992 ea,
553 935 614 994 qua
651 916 793 993 debebat,
829 935 903 977 cura
935 916 1123 977 diversarum

53 1007 58 1013 ’
93 1024 239 1065 manuum
259 1009 361 1083 partes
380 1005 527 1066 distinxit.
562 1005 660 1066 multo
681 1009 761 1067 certe
780 1005 951 1067 accuratius
970 1003 1123 1066 (tertuum

93 1094 131 1154 de
163 1095 291 1174 singulis
323 1095 477 1171 manibus,
510 1114 631 1173 quoque
665 1097 754 1156 modo
784 1097 864 1156 inter
896 1115 927 1157 se
960 1095 1122 1168 differrent,

93 1184 242 1245 iudicasse
260 1187 397 1263 apparet
424 1184 517 1245 liceat
533 1184 630 1263 igitur
648 1184 828 1264 gravissima
847 1203 985 1263 quaeque
1004 1205 1040 1245 ex
1058 1183 1122 1244 eius

93 1273 298 1353 disputatione
320 1273 371 1335 hio
392 1276 535 1352 repetere.

58 1443 61 1450 Ι
109 1376 112 1382 ·
183 1362 228 1424 Ac
260 1363 376 1442 primus
409 1362 531 1440 quidem
563 1362 705 1424 librarius
739 1356 783 1444 (A
815 1365 871 1425 aut
899 1355 972 1444 ΑΙ),
1008 1362 1123 1424 latinae
1141 1360 1184 1416 Αι

92 1452 217 1532 linguae
244 1472 305 1513 non
332 1452 495 1513 admodum
521 1452 651 1529 peritus,
681 1472 717 1512 ea
740 1472 818 1529 quae
840 1452 874 1512 in
897 1452 998 1513 codice
1021 1452 1122 1513 archa·

93 1545 167 1619 typo
199 1543 358 1603 invenerat
389 1561 507 1603 summa
540 1560 608 1601 oum
641 1541 713 1617 fide,
740 1540 793 1601 sed
820 1561 881 1601 non
910 1542 1032 1620 aequali
1055 1561 1124 1602 cum

94 1649 166 1692 cura
198 1631 370 1709 descripsit,
407 1651 479 1692 nam
509 1632 580 1691 inde
613 1650 633 1690 a
664 1630 871 1692 consolatione
903 1631 944 1691 ad
977 1631 1124 1693 Marciam

92 1721 191 1780 multo
218 1720 426 1801 neglegentius
455 1739 547 1798 quam
575 1722 667 1780 antea
690 1740 812 1781 munere
838 1739 893 1781 suc
922 1721 1045 1782 functus
1068 1724 1123 1782 est.

92 1811 161 1887 pari
189 1809 410 1888 inaequalitate
439 1811 561 1870 litterae
590 1808 680 1870 modo
711 1809 887 1889 diligentins
919 1809 1019 1889 pictae
1052 1813 1124 1871 sunt

92 1898 182 1959 modo
200 1901 424 1979 properantius,
446 1899 536 1959 modo
555 1901 684 1978 grandes
704 1903 882 1976 crassaeque
899 1901 990 1960 modo
1010 1918 1123 1978 parvae

92 1991 271 2065 tenuesque,
300 1989 391 2049 modo
421 1993 575 2050 coartatae
607 1988 697 2048 modo
727 1989 821 2050 latius
849 1988 1004 2064 diductam
1031 1988 1123 2049 verba

92 2077 167 2138 alibi
189 2079 278 2156 plene
301 2080 416 2155 scripta
438 2081 511 2139 sunt
534 2078 609 2139 alibi
631 2078 736 2138 multis
760 2077 958 2157 compendiis,
981 2081 1031 2153 ut,
1054 2098 1123 2139 cum

91 2168 124 2227 in
150 2187 335 2245 unaquaque
362 2168 476 2247 pagina
505 2170 545 2228 37
571 2168 633 2228 fere
663 2187 768 2229 versus
792 2171 867 2243 sint,
897 2168 930 2228 hi
952 2159 1055 2228 tamen
1080 2169 1121 2228 37

92 2275 197 2318 versus
221 2257 293 2317 alibi
318 2260 359 2317 72
383 2257 458 2317 alibi
481 2259 523 2317 45
548 2258 685 2318 versibus
714 2257 880 2319 Gertaianis
911 2257 1122 2335 respondeant

91 2347 124 2405 in
146 2349 325 2408 universum
347 2347 483 2426 singulas
505 2347 634 2424 paginas
658 2346 738 2407 idem
760 2348 823 2408 fere
846 2347 1013 2421 continere,
1041 2346 1123 2423 qnod

92 2435 185 2496 codex
208 2438 391 2514 archetypus
413 2437 447 2495 in
471 2435 600 2514 singulis
623 2436 706 2497 foliis
729 2436 897 2512 habuisset,
922 2434 1012 2496 Gertz
1034 2453 1121 2516 saga·

92 2524 167 2586 citer
190 2527 361 2603 suspicatus
385 2527 439 2586 est.
480 2525 591 2602 multa,
615 2545 693 2603 quae
716 2545 809 2602 prave
832 2527 1008 2603 scripserat,
1031 2525 1121 2586 libra·

91 2615 155 2675 rius
186 2616 252 2692 ipse
284 2616 328 2674 ita
360 2616 502 2688 correxit,
532 2618 567 2675 ut
598 2633 667 2674 raro
698 2633 837 2676 rasuram
867 2612 1037 2690 adhiberet,
1069 2615 1122 2675 sed

91 2703 212 2780 punctis
240 2704 418 2782 plerumque
447 2702 559 2763 additis
588 2706 644 2764 aut
659 2704 792 2766 lineolis
815 2704 994 2766 transversis
1017 2723 1120 2784 super·
1159 2722 1166 2739 ’

90 2812 190 2853 vacua
208 2792 334 2869 deleret,
358 2791 471 2853 omissa
488 2812 581 2871 supra
599 2811 719 2854 versum
734 2793 866 2855 adderet.
897 2794 1032 2855 dubitari
1049 2811 1121 2855 vero

91 2883 211 2961 nequit,
235 2884 308 2962 quin
330 2882 460 2942 fideliter
482 2885 702 2960 praescriptum
725 2883 890 2944 reddiderit
913 2902 1012 2962 neque
1035 2883 1120 2960 quid-

92 2992 185 3049 quam
213 2975 266 3032 aut
288 2971 453 3033 admodum
476 2991 588 3049 pauca,
616 2975 647 3032 et
674 2992 752 3051 quae
779 2973 867 3034 facile
890 2976 1121 3052 cognoscantur,

91 3060 128 3121 de
165 3061 407 3232 suo)addiderit
452 3054 519 3144 (cir.
540 3082 569 3138 p.
593 3063 667 3138 250,
689 3064 745 3140 193
775 3053 929 3139 '264,11;
968 3063 1119 3138 265,1e;

93 3151 249 3225 303,14.

181 3239 228 3301 lla
261 3257 340 3316 quae
374 3240 472 3317 prima
501 3259 610 3301 manus
640 3244 819 3302 exaraverat
852 3260 915 3301 non
944 3241 991 3301 ita
1021 3241 1119 3302 multo
1138 3243 1180 3297 A'

91 3331 227 3406 post-
251 3328 367 3389 Kochio
391 3330 418 3389 si
440 3329 530 3389 fidem
553 3330 714 3407 habemus,
737 3349 813 3391 saec.
827 3328 886 3389 XII
908 3333 995 3408 parte
1020 3329 1119 3408 priore

92 3449 136 3460 -
155 3421 305 3478 corrector
323 3417 447 3496 quidam
465 3419 589 3498 linguae
606 3420 845 3495 latinaesciens,
868 3421 932 3481 sire
955 3420 1120 3493 archetypo

90 3524 164 3568 usus
187 3508 250 3568 sive
271 3509 366 3568 altero
386 3509 562 3590 apographo
581 3511 649 3573 eius
667 3529 768 3590 coque
785 3507 1060 3588 qm‘ousdm'xm
