2438 3846
109 153 162 208 AD
175 151 354 208 SERENVM
368 153 418 207 DE
432 151 755 219 TRANQVILLITA'I'E
769 153 878 209 ANIMI
896 153 999 210 CARI
1041 158 1108 224 245

83 321 151 365 non
180 319 300 386 magno
329 298 545 365 aestimandae
572 303 805 385 poposcerunt,
836 295 876 364 ad
904 299 1006 366 otium
1034 322 1108 367 oon-

83 392 194 455 vertor
223 393 268 472 et,
299 388 570 474 quemadmodum
601 388 770 474 pecoribus
797 389 941 475 fatigatis
970 410 1109 476 quoque,

83 477 226 544 velocior
248 478 380 545 domum
404 479 522 566 gradus
546 481 609 562 est3
632 479 740 563 placet
762 479 848 544 intra
870 478 1008 563 parietes
1031 501 1107 546 suos
1204 521 1206 525 «

82 567 184 632 vitam
199 567 382 634 cohercere:
396 567 507 634 ‘nemo
521 567 626 632 ullum
640 567 765 640 auferat
778 567 863 633 diem
876 563 959 633 nihil
973 568 1108 654 dignum

51 660 176 722 stanto
206 657 370 742 impendio
398 657 596 744 redditurum
628 656 691 721 sibi
717 656 788 742 ipse
815 656 941 723 animus
969 657 1108 737 haereat,

83 768 117 811 se
156 747 253 830 eolat,
291 746 375 811 nihil
406 746 504 811 alieni
535 749 626 833 agat,
660 745 744 811 nihil
776 747 863 829 quod
895 746 935 811 ad
967 746 1107 817 iudioem

83 838 219 919 speotet3
238 839 365 901 ametur
382 857 496 920 expers
514 835 663 919 publioae
681 835 890 920 privataeque
909 857 1004 902 curae
1022 840 1110 902 tran-

84 924 249 1008 quillitas?
304 925 359 990 sed
395 925 452 989 ubi
485 925 582 990 leotio
615 924 732 990 fortior
764 926 866 990 erexit
899 925 1043 991 animum
1076 931 1109 992 et
1128 943 1161 992 12

82 1016 211 1079 aeuleos
236 1013 447 1079 subdiderunt
470 1014 618 1099 exempla
639 1013 775 1098 nobilia,
800 1013 949 1098 prosilire
971 1016 1052 1080 libet
1074 1016 1109 1081 in

37 1127 64 1167 ro
82 1103 205 1188 forum,
232 1103 436 1169 commodare
460 1103 553 1168 alteri
575 1120 702 1186 vooem,
725 1103 819 1168 alteri
842 1125 987 1188 operam,
1011 1105 1108 1170 etiarn

81 1192 110 1257 si
139 1192 223 1257 nihil
251 1191 470 1278 profuturam,
499 1197 608 1258 tamen
638 1196 826 1258 conaturam
856 1193 1022 1278 prodesse,
1052 1195 1108 1259 ali·

81 1281 173 1347 euius
202 1303 348 1348 coercere
375 1281 410 1347 in
432 1282 503 1347 foro
529 1281 712 1366 superbiam
735 1282 818 1348 male
842 1283 989 1348 secundis
1012 1282 1108 1348 rebus

81 1371 167 1437 elati.
219 1371 254 1435 in
292 1370 408 1437 studiis
440 1376 520 1456 puto
553 1393 605 1436 me
634 1371 780 1437 hereules
811 1372 926 1437 melius
957 1393 1026 1438 esse
1057 1395 1108 1437 res
1130 1388 1162 1437 13

80 1460 168 1544 ipsas
203 1461 324 1526 intueri
359 1464 392 1526 et
424 1461 540 1526 harum
571 1481 668 1526 eausa
696 1461 804 1545 loqui,
839 1465 981 1527 ceterum
1011 1462 1109 1527 verba

36 1567 62 1613 rs
79 1549 177 1615 rebus
211 1550 411 1634 permittere,
444 1553 482 1615 ut
516 1572 580 1635 qua
617 1549 779 1634 duxerint,
816 1551 878 1616 hae
909 1551 1110 1616 inelaborata

81 1643 235 1723 sequatur
258 1639 375 1705 oratio:
398 1638 494 1724 ‘quid
517 1661 599 1724 opus
623 1642 672 1704 est
695 1640 831 1705 saeculis
851 1639 1004 1705 duratura
1023 1660 1109 1706 eom·

79 1727 224 1813 ponere?
267 1730 317 1794 vis
347 1732 384 1793 tu
414 1750 481 1794 non
508 1727 542 1793 id
566 1749 675 1816 agere,
701 1751 743 1795 ne
766 1732 798 1794 te
820 1730 943 1814 posteri
966 1731 1108 1795 taceantl

79 1819 179 1883 morti
196 1821 292 1884 natus
311 1839 360 1902 es,
376 1813 484 1885 minus
503 1818 725 1884 molestiarum
739 1818 839 1884 habet
851 1819 949 1889 funus
962 1820 1107 1885 tacitum.

81 1906 191 1992 itaque
216 1907 395 1993 oooupandi
416 1907 573 1993 'temporis
596 1930 707 1992 eausa,
736 1909 770 1973 in
793 1930 888 1973 usum
911 1913 1019 1992 tuum,
1041 1931 1108 1973 non

33 2019 61 2059 ro
78 1995 115 2061 in
146 1997 355 2081 praeoonium
388 1997 511 2082 aliquid
543 1997 684 2082 simplioi
717 1998 793 2063 stilo
827 1997 945 2064 seribe:
981 1998 1107 2063 minore

78 2085 190 2152 labore
220 2109 301 2172 opus
333 2089 383 2152 est
410 2086 614 2153 studentibus
643 2087 678 2152 in
705 2086 813 2152 diem'
857 2109 968 2153 rursus
991 2086 1049 2152 ubi
1073 2102 1163 2153 sa14

79 2175 206 2240 animus
237 2176 472 2262 cogitationum
501 2175 724 2263 magnitudine
751 2176 886 2261 levavit,
915 2176 1106 2242 ambitiosus

78 2265 115 2328 in
146 2264 244 2331 verba
274 2268 322 2330 est
349 2265 511 2349 altiusque
541 2268 578 2330 ut
605 2265 727 2350 spirare
749 2266 797 2331 ita
819 2266 929 2350 eloqui
952 2266 1052 2352 gestit
1074 2271 1107 2331 et

79 2353 120 2418 ad
153 2354 343 2442 dignitatem
375 2376 483 2420 rerum
516 2355 582 2418 exit
614 2355 732 2439 orati03
768 2354 888 2420 oblitus
920 2358 991 2420 tum
1022 2357 1105 2442 legis

33 2463 60 2512 rr
78 2443 311 2529 pressiorisque
341 2442 454 2511 iudicii
486 2443 656 2510 sublimius
688 2444 775 2509 feror
803 2448 835 2510 et
863 2466 918 2510 ore
945 2444 1008 2509 iam
1037 2466 1106 2510 non

78 2553 160 2598 meo.
205 2555 247 2598 ne
271 2533 398 2620 singula
421 2532 542 2598 diutius
565 2554 753 2618 persequar,
776 2533 812 2598 in
830 2533 984 2599 >omnibus
1007 2532 1104 2599 rebus
1128 2547 1161 2597 1⁶

78 2621 158 2687 haee
187 2643 239 2699 me
271 2622 417 2706 sequitur
442 2622 547 2688 bonae
579 2623 697 2687 mentis
724 2621 904 2689 infirmitas.
958 2622 1038 2706 quin
1066 2645 1106 2688 ne

169 2812 261 2883 ‘lquo
282 2830 331 2881 ue,
355 2856 362 2869 .
382 2855 388 2868 .
411 2816 466 2881 est3
491 2813 588 2883 placet
612 2815 711 2885 interp.
732 2815 765 2869 io
783 2815 843 2870 edd.
862 2819 925 2870 vett.
946 2830 1058 2884 quoque
1079 2855 1106 2870 ..

79 2887 136 2952 est,
154 2884 252 2954 plaoet
339 2902 403 2940 ems
418 2892 445 2940 et
458 2885 517 2941 edd.
532 2902 599 2941 rere.
618 2884 630 2958 ll
646 2884 665 2941 B
683 2889 748 2942 suot
762 2888 790 2942 A
809 2886 882 2956 quod
899 2886 977 2941 houd
994 2887 1051 2941 reio
1068 2902 1108 2940 aa

76 2964 147 3012 reete
173 2957 304 3024 defendat
328 2957 381 3012 um
405 2956 465 3011 coll.
488 2974 548 3026 eap.
571 2962 646 3025 17,1
666 2959 743 3026 epist.
766 2960 894 3024 104,13;
911 2960 1005 3023 83,18
1028 2959 1107 3010 tutos

80 3027 175 3095 Gertz,
201 3029 249 3096 qui
271 3029 354 3082 etiam
379 3026 492 3082 auferat
515 3028 590 3083 diem
610 3028 750 3097 <mihi>
769 3030 882 3097 erripuit
898 3044 978 3084 meos
997 3029 1107 3083 Wesen-

78 3099 142 3170 bery
155 3101 250 3153 suetos
260 3100 353 3153 Hense
367 3114 432 3154 suos
446 3099 498 3154 del.
508 3098 631 3202 Stanqlql
644 3099 662 3154 5
675 3099 737 3168 ipse
747 3100 775 3154 A
788 3098 845 3168 ipsi
855 3098 891 3172 ‘³'ll
904 3098 922 3154 8
936 3098 1037 3155 fortior
1046 3098 1109 3172 A⁶ll
1157 3113 1160 3124 ’

77 3169 114 3225 1⁰
132 3174 216 3240 opam
235 3171 263 3225 A
282 3174 290 3235 ll
315 3168 349 3225 11
371 3169 396 3223 si
418 3186 439 3224 s.
454 3186 479 3226 o.
499 3171 564 3226 odd.
583 3171 612 3227 A
647 3171 658 3243 ll
682 3169 718 3225 la
735 3171 819 3226 uerba
836 3171 867 3224 in
886 3169 947 3226 foro
967 3171 1019 3226 del.
1038 3187 1063 3226 o.
1079 3171 1106 3228 d.

84 3242 158 3297 Vliet
180 3249 213 3297 ut
229 3243 301 3299 mole
317 3243 434 3311 repetito
452 3259 466 3298 e
483 3259 508 3298 o.
524 3247 542 3299 9
565 3241 576 3315 ll
600 3241 636 3297 16
659 3242 796 3297 duratura
810 3245 838 3297 A
861 3242 908 3298 sed
925 3242 1044 3298 alterum
1062 3258 1106 3310 ur,
1165 3305 1167 3310 ¹

78 3313 236 3383 compendio
254 3315 400 3384 seriptum,
414 3313 479 3370 add.
493 3331 514 3370 s.
529 3332 553 3371 o.
568 3315 633 3382 fort.
648 3316 684 3370 ol.
699 3332 773 3370 mon.
788 3313 798 3386 ll
816 3313 851 3369 18
865 3329 895 3370 es
908 3315 978 3385 volu.
994 3315 1038 3368 est
1051 3316 1079 3368 A
1096 3314 1107 3388 ll

76 3383 113 3439 28
127 3385 235 3456 spirate
248 3386 323 3457 uolp.¹
333 3402 447 3455 sperare
461 3387 489 3441 A
500 3386 512 3458 ll
529 3385 565 3441 24
579 3387 638 3442 exit
647 3387 676 3441 A
689 3385 813 3456 exigitur
826 3398 844 3440 s
857 3385 985 3456 exsurgit
999 3386 1104 3440 Muret.

76 3463 204 3512 neutrum
213 3459 302 3527 probo
316 3456 376 3530 1725
390 3455 539 3512 sublimius
552 3459 581 3513 A
599 3456 728 3512 sublimis
742 3469 759 3511 s·
775 3457 778 3529 l
795 3456 854 3510 iam
868 3458 965 3512 Msoret
978 3457 1039 3510 tam
1053 3455 1082 3510 A
1095 3455 1112 3524 ll

77 3525 112 3583 27
127 3528 196 3597 quin
214 3545 250 3584 ne
264 3530 382 3599 Lepsios
400 3529 483 3584 euine
497 3529 525 3584 A
544 3529 585 3585 sio
603 3544 640 3585 ne
655 3528 739 3586 oeta
757 3530 814 3584 aut
826 3543 868 3597 uo
879 3528 966 3583 noo
983 3532 1011 3578 et
1022 3525 1128 3575 How·
