2438 3846
112 151 178 207 VIII
516 152 724 210 PRAEFATIO

112 307 244 382 meliore,
266 304 335 366 utili
358 323 427 365 cum
449 323 522 364 cura
542 306 729 367 retractant
775 309 807 366 et
832 308 868 366 ut
894 307 1034 368 omIttam
1057 327 1135 384 quaa

111 397 144 456 in
167 394 382 474 orthographIa
404 395 546 469 mutavit,
567 396 734 455 Innumeris
757 394 831 456 locis
854 395 972 458 litteras
995 397 1135 475 aprima

111 505 203 546 manu
238 485 317 545 male
353 484 433 543 inter
466 483 560 545 verba
596 484 774 544 dIstributas
811 487 892 546 recte
928 485 1046 563 divisit,
1081 507 1137 563 per

112 593 242 634 errorem
268 572 398 650 repetita
426 572 550 649 delevit,
577 575 689 634 omissa
716 575 882 653 supplevit,
909 574 1020 635 litteris
1043 576 1135 652 sylla-

111 664 217 740 bisque
240 682 332 741 prave
354 662 474 740 scriptis
497 666 594 722 rectas
617 663 836 740 superscripsit
877 662 929 724 sed
950 683 1136 742 quamquam

110 751 138 814 is
166 752 226 813 alio
254 771 361 832 genere
391 753 576 827 liiterarum,
605 772 666 812 non
693 750 922 832 Langobardico
949 754 1003 813 illo
1026 755 1134 829 utitur,

111 844 213 902 tamen
244 840 327 901 haud
358 841 463 918 paucis
495 841 569 902 locis
601 844 683 902 certe
716 841 776 902 diei
806 861 867 902 non
899 861 1000 920 posse,
1032 846 1134 903 ulrum

110 931 210 1008 prima
233 951 272 991 an
295 930 425 991 secunda
446 949 553 991 manus
577 932 768 1010 agnoscenda
791 933 844 1006 sit,
867 930 956 991 Gertz
978 932 1043 1009 ipse
1064 951 1134 992 con-

110 1020 221 1081 fitetur.
271 1020 393 1081 maioris
423 1039 494 1080 vero
524 1022 671 1080 momenti
700 1022 746 1081 est
775 1020 857 1097 quod
879 1014 924 1080 A²
952 1012 1012 1099 per
1034 1023 1134 1082 totum

111 1109 243 1170 codicem
270 1128 358 1170 voces
385 1109 520 1186 singulas
544 1113 575 1170 et
596 1110 756 1171 verborum
780 1110 869 1170 series
900 1129 993 1189 supra
1014 1131 1135 1170 versum

111 1200 288 1278 saepiusque
315 1200 347 1258 in
374 1198 511 1278 margine
538 1200 584 1259 ita
610 1200 776 1276 supplevit,
804 1202 840 1259 ut
866 1203 979 1278 puncto
1006 1201 1040 1259 in
1067 1201 1134 1277 ipso

110 1307 200 1349 versu
222 1289 414 1368 significaret,
437 1307 498 1364 quo
517 1288 583 1349 loco
606 1289 781 1349 inserendae
804 1291 912 1350 essent.
953 1290 1027 1350 haec
1050 1288 1134 1348 addi-

109 1380 246 1438 tamenta
268 1378 342 1455 quin
365 1397 419 1438 suo
442 1378 508 1438 iure
530 1380 567 1438 ut
589 1379 720 1457 genuina
744 1376 832 1438 Gertz
855 1412 900 1421 -
920 1378 1013 1439 habes
1032 1381 1134 1438 omnia

110 1468 168 1527 huc
190 1467 358 1544 spectantia
382 1466 463 1544 apud
490 1487 560 1528 eum
585 1468 618 1527 in
641 1468 736 1545 praef.
758 1488 788 1544 p.
803 1467 863 1528 XII
885 1469 1011 1529 collecta
1035 1501 1077 1511 —
1100 1469 1134 1526 in

110 1559 227 1616 textum
249 1557 404 1635 receperIt,
427 1558 568 1633 equidem
586 1576 647 1616 non
664 1556 778 1617 dubito.
817 1559 924 1634 paucis
941 1557 1031 1618 modo
1050 1556 1133 1633 locis,

111 1645 218 1723 quibus
250 1666 288 1706 ne
319 1646 352 1706 id
384 1645 508 1723 quidem
540 1648 672 1720 constat,
704 1648 808 1706 utrum
840 1646 912 1706 haec
948 1665 1056 1707 manus
1094 1666 1133 1706 an

109 1738 257 1796 recentior
288 1736 527 1796 coniunctionem
559 1739 595 1794 et.
617 1734 780 1811 addiderit,
816 1736 906 1795 aliter
937 1735 1133 1795 iudicandum

109 1826 218 1902 putavi
250 1818 293 1907 (p.
314 1826 444 1900 301,15
475 1827 505 1885 et
531 1826 586 1901 163
616 1815 772 1906 179‚18).
827 1827 958 1885 ceterum
988 1824 1038 1884 hic
1070 1843 1133 1885 cor·

109 1916 216 1990 rector,
239 1934 307 1975 cum
329 1915 437 1974 utilem
460 1933 583 1991 operam
606 1912 701 1974 codIci
725 1915 865 1989 navarat,
887 1913 1010 1991 proprio
1031 1915 1134 1974 tamen

110 2003 207 2064 Marte
221 2022 359 2065 successu
373 2004 448 2065 satis
462 2004 577 2064 infelici
586 2003 734 2081 quaedam
743 2004 875 2065 mutavit
884 1997 952 2087 (cfr.
959 2024 988 2082 p.
997 2005 1134 2080 130,20;

113 2095 258 2171 133,18;
283 2095 429 2170 162,19;
454 2093 528 2169 210,
544 2086 615 2175 22),
642 2095 678 2153 ut
700 2090 820 2153 Gertnio
850 2092 1070 2153 concedendum
1093 2092 1134 2153 sit

110 2202 178 2241 eum
201 2185 256 2243 aut
278 2201 346 2244 suas
371 2182 555 2242 coniecturas
578 2183 791 2259 immiscuisse,
815 2183 896 2259 quod
918 2183 1021 2261 potius
1039 2183 1134 2241 credi-

111 2271 215 2348 derim,
233 2274 289 2332 aut
302 2272 511 2350 apographum
525 2271 698 2333 adhibuisse
712 2271 900 2349 ailquatenus
917 2272 1133 2350 interpolatum

50 2445 93 2501 Δί’
111 2363 165 2421 m
187 2363 348 2512 udmrlddldde
366 2361 497 2510 sfddd'dda
518 2449 634 2527 pallido
657 2451 826 2511 atramento
850 2453 881 2510 et
903 2451 1013 2510 litteris
1037 2452 1132 2510 mino·

110 2540 206 2616 ribus,
243 2540 440 2619 longimeulir
478 2558 513 2598 ac
544 2539 754 2615 tenuiusculIs,
792 2539 990 2619 distinguitur
1025 2558 1132 2600 manus

110 2632 201 2691 tertia
224 2622 298 2711 (A³)
320 2648 381 2689 non
408 2630 454 2689 ita
480 2629 578 2689 multo
607 2632 705 2690 aetate
728 2630 861 2690 inferior.
907 2629 957 2690 hic
984 2632 1134 2690 corrector

55 2712 65 2737 ⁸
111 2738 233 2797 operam
260 2739 280 2779 a
309 2718 439 2780 secunda
471 2738 563 2779 manu
594 2717 768 2779 incohatam
791 2719 983 2780 continuavit
1012 2723 1044 2779 et
1072 2737 1133 2778 non

110 2808 199 2869 modo
232 2809 351 2886 saepius
382 2828 479 2885 prava
510 2809 639 2868 correxit
669 2810 700 2868 et
731 2808 842 2868 omissa
872 2808 947 2868 bene
980 2808 1134 2887 supplevit

112 2892 178 2980 (cfr.
197 2920 226 2976 p.
244 2899 317 2974 160,
332 2899 389 2975 233
415 2900 487 2970 176,
500 2899 555 2974 103
580 2899 654 2974 274,
669 2899 726 2974 27;
750 2899 892 2974 295‚13;
916 2899 990 2973 303,
1006 2892 1055 2978 3),
1080 2896 1133 2956 sed

111 2987 204 3048 etiam
226 2988 305 3049 falsa
326 2987 446 3064 interfit,
468 2987 531 3048 sive
555 2989 617 3048 suis
641 2986 819 3048 coniecturis
837 3005 925 3064 usus,
948 2987 1010 3047 sive
1033 2986 1133 3046 minus

109 3077 190 3137 bona
212 3078 358 3137 librorum
386 3077 571 3156 supellectile
598 3078 765 3136 instructus
793 3069 860 3157 (cfr.
879 3098 908 3155 p.
929 3076 958 3151 8,
973 3077 1007 3153 53
1032 3080 1062 3153 9,
1077 3078 1132 3153 23,

113 3168 164 3242 23,
179 3168 235 3243 22,
260 3169 345 3243 23,5
370 3169 401 3227 at
426 3170 480 3244 183
505 3167 630 3243 51,12;·
650 3168 701 3242 70,
717 3168 773 3246 25,
798 3167 872 3243 300,
885 3157 956 3247 28);
979 3166 1133 3227 nonnullis

110 3275 181 3316 vero
210 3256 284 3317 locis
311 3258 461 3334 scriptura
488 3257 604 3334 primae
631 3275 738 3316 manus
767 3274 853 3316 erasa
879 3255 912 3314 in
941 3257 1054 3317 rasuris
1078 3275 1134 3316 sua

111 3344 270 3406 substituit
298 3338 364 3428 (cfr.
382 3366 412 3422 p.
429 3348 480 3421 25,
496 3347 552 3422 28;
581 3347 633 3422 50,
648 3346 704 3421 27;
734 3347 815 3422 69,7
840 3346 871 3405 et
895 3340 961 3429 12).
1006 3344 1133 3405 eundem

110 3438 199 3496 notas
218 3455 337 3513 quoque
356 3436 435 3496 varii
452 3435 569 3514 generis
587 3437 620 3494 in
638 3436 774 3514 margine
789 3435 966 3512 plerumque
980 3434 1133 3512 adiecisse,

97 3524 137 3574 ut
155 3526 217 3578 aut
235 3528 420 3600 argumenta
445 3527 545 3586 essent
568 3543 685 3601 corun,
713 3544 790 3603 quae
817 3523 850 3584 in
872 3527 957 3586 textu
979 3525 1133 3605 leguntur,
