<?xml version="1.0" encoding="UTF-8"?>
<!DOCTYPE html PUBLIC "-//W3C//DTD XHTML 1.0 Transitional//EN"
    "http://www.w3.org/TR/xhtml1/DTD/xhtml1-transitional.dtd">
<html xmlns="http://www.w3.org/1999/xhtml" xml:lang="en" lang="en">
 <head>
  <title>
</title>
<meta http-equiv="Content-Type" content="text/html;charset=utf-8" />
  <meta name='ocr-system' content='tesseract 3.04.00' />
  <meta name='ocr-capabilities' content='ocr_page ocr_carea ocr_par ocr_line ocrx_word'/>
</head>
<body>
  <div class='ocr_page' id='page_1' title='image "./lannaeisenecaeo02senegoog/lannaeisenecaeo02senegoog_0200.png"; bbox 0 0 2438 3846; ppageno 0'>
   <div class='ocr_carea' id='block_1_1' title="bbox 125 152 943 224">
    <p class='ocr_par' dir='ltr' id='par_1_1' title="bbox 125 152 943 224">
     <span class='ocr_line' id='line_1_1' title="bbox 125 152 943 224; baseline -0.007 -10"><span class='ocrx_word' id='word_1_1' title='bbox 125 159 189 224; x_wconf 70' lang='lat'>170</span> <span class='ocrx_word' id='word_1_2' title='bbox 318 155 347 210; x_wconf 84' lang='lat' dir='ltr'>L.</span> <span class='ocrx_word' id='word_1_3' title='bbox 363 153 504 209; x_wconf 86' lang='lat' dir='ltr'><strong><em>ANNAEI</em></strong></span> <span class='ocrx_word' id='word_1_4' title='bbox 522 152 687 209; x_wconf 78' lang='lat' dir='ltr'>SENECAE</span> <span class='ocrx_word' id='word_1_5' title='bbox 705 153 800 208; x_wconf 83' lang='lat' dir='ltr'><strong><em>DIAL.</em></strong></span> <span class='ocrx_word' id='word_1_6' title='bbox 816 152 883 208; x_wconf 77' lang='lat' dir='ltr'>Lm.</span> <span class='ocrx_word' id='word_1_7' title='bbox 897 152 943 208; x_wconf 82' lang='lat' dir='ltr'>VI.</span> 
     </span>
    </p>
   </div>
   <div class='ocr_carea' id='block_1_2' title="bbox 124 299 1186 650">
    <p class='ocr_par' dir='ltr' id='par_1_2' title="bbox 124 299 1186 650">
     <span class='ocr_line' id='line_1_2' title="bbox 124 299 1143 387; baseline -0.003 -20"><span class='ocrx_word' id='word_1_8' title='bbox 124 323 240 387; x_wconf 82' lang='lat' dir='ltr'>magno</span> <span class='ocrx_word' id='word_1_9' title='bbox 274 301 381 366; x_wconf 86' lang='lat' dir='ltr'>animo</span> <span class='ocrx_word' id='word_1_10' title='bbox 414 299 544 364; x_wconf 79' lang='lat' dir='ltr'>tulerit?</span> <span class='ocrx_word' id='word_1_11' title='bbox 604 300 735 364; x_wconf 74' lang='lat' dir='ltr'><strong>orbitati</strong></span> <span class='ocrx_word' id='word_1_12' title='bbox 766 322 841 364; x_wconf 91' lang='lat' dir='ltr'>suae</span> <span class='ocrx_word' id='word_1_13' title='bbox 874 299 1052 385; x_wconf 77' lang='lat' dir='ltr'>gratulatus</span> <span class='ocrx_word' id='word_1_14' title='bbox 1085 303 1143 364; x_wconf 84' lang='lat' dir='ltr'>est.</span> 
     </span>
     <span class='ocr_line' id='line_1_3' title="bbox 124 389 1186 475; baseline -0.002 -20"><span class='ocrx_word' id='word_1_15' title='bbox 124 395 156 455; x_wconf 88' lang='lat' dir='ltr'>et</span> <span class='ocrx_word' id='word_1_16' title='bbox 186 411 249 474; x_wconf 92' lang='lat' dir='ltr'>quo</span> <span class='ocrx_word' id='word_1_17' title='bbox 280 413 352 454; x_wconf 87' lang='lat' dir='ltr'>eum</span> <span class='ocrx_word' id='word_1_18' title='bbox 382 390 485 475; x_wconf 85' lang='lat' dir='ltr'>magis</span> <span class='ocrx_word' id='word_1_19' title='bbox 515 393 642 472; x_wconf 88' lang='lat' dir='ltr'>poterat</span> <span class='ocrx_word' id='word_1_20' title='bbox 670 410 857 473; x_wconf 78' lang='lat' dir='ltr'>permovere</span> <span class='ocrx_word' id='word_1_21' title='bbox 884 392 975 453; x_wconf 87' lang='lat' dir='ltr'>tanta</span> <span class='ocrx_word' id='word_1_22' title='bbox 997 389 1144 471; x_wconf 80' lang='lat' dir='ltr'>mutatio,</span> <span class='ocrx_word' id='word_1_23' title='bbox 1182 429 1186 438; x_wconf 91' lang='lat'><strong>·</strong></span> 
     </span>
     <span class='ocr_line' id='line_1_4' title="bbox 124 478 1143 564; baseline -0.001 -20"><span class='ocrx_word' id='word_1_24' title='bbox 124 481 243 545; x_wconf 90' lang='lat' dir='ltr'>solacia</span> <span class='ocrx_word' id='word_1_25' title='bbox 280 480 377 544; x_wconf 88' lang='lat' dir='ltr'>simul</span> <span class='ocrx_word' id='word_1_26' title='bbox 413 483 509 561; x_wconf 90' lang='lat' dir='ltr'>atque</span> <span class='ocrx_word' id='word_1_27' title='bbox 546 478 665 543; x_wconf 86' lang='lat' dir='ltr'>auxilia</span> <span class='ocrx_word' id='word_1_28' title='bbox 701 478 853 562; x_wconf 75' lang='lat' dir='ltr'>perdidit!</span> <span class='ocrx_word' id='word_1_29' title='bbox 907 499 973 543; x_wconf 92' lang='lat' dir='ltr'>non</span> <span class='ocrx_word' id='word_1_30' title='bbox 1004 478 1143 564; x_wconf 86' lang='lat' dir='ltr'>contigit</span> 
     </span>
     <span class='ocr_line' id='line_1_5' title="bbox 124 567 790 650; baseline -0.005 -16"><span class='ocrx_word' id='word_1_31' title='bbox 124 574 232 634; x_wconf 88' lang='lat' dir='ltr'>tamen</span> <span class='ocrx_word' id='word_1_32' title='bbox 245 570 379 650; x_wconf 17' lang='lat' dir='ltr'>*tristem</span> <span class='ocrx_word' id='word_1_33' title='bbox 403 567 539 632; x_wconf 89' lang='lat' dir='ltr'>Paulum</span> <span class='ocrx_word' id='word_1_34' title='bbox 563 567 661 644; x_wconf 68' lang='lat' dir='ltr'>Persi,</span> <span class='ocrx_word' id='word_1_35' title='bbox 675 568 790 633; x_wconf 88' lang='lat' dir='ltr'>videre.</span> 
     </span>
    </p>
   </div>
   <div class='ocr_carea' id='block_1_3' title="bbox 89 674 1189 2722">
    <p class='ocr_par' dir='ltr' id='par_1_3' title="bbox 90 674 1187 1275">
     <span class='ocr_line' id='line_1_6' title="bbox 90 674 1186 759; baseline -0.003 -18"><span class='ocrx_word' id='word_1_36' title='bbox 90 696 102 742; x_wconf 92' lang='lat'>1</span> <span class='ocrx_word' id='word_1_37' title='bbox 214 674 299 740; x_wconf 84' lang='lat' dir='ltr'><strong>XIV.</strong></span> <span class='ocrx_word' id='word_1_38' title='bbox 333 674 417 752; x_wconf 84' lang='lat' dir='ltr'>Quid</span> <span class='ocrx_word' id='word_1_39' title='bbox 439 697 525 738; x_wconf 88' lang='lat' dir='ltr'>nunc</span> <span class='ocrx_word' id='word_1_40' title='bbox 549 679 580 738; x_wconf 88' lang='lat' dir='ltr'>te</span> <span class='ocrx_word' id='word_1_41' title='bbox 603 697 660 758; x_wconf 90' lang='lat' dir='ltr'>per</span> <span class='ocrx_word' id='word_1_42' title='bbox 683 674 929 739; x_wconf 82' lang='lat' dir='ltr'>innumerabilia</span> <span class='ocrx_word' id='word_1_43' title='bbox 951 694 1142 759; x_wconf 80' lang='lat' dir='ltr'>magnorum</span> <span class='ocrx_word' id='word_1_44' title='bbox 1175 697 1186 738; x_wconf 80' lang='lat' dir='ltr'>c</span> 
     </span>
     <span class='ocr_line' id='line_1_7' title="bbox 127 764 1143 849; baseline -0.001 -22"><span class='ocrx_word' id='word_1_45' title='bbox 127 766 266 828; x_wconf 85' lang='lat' dir='ltr'>virorum</span> <span class='ocrx_word' id='word_1_46' title='bbox 300 766 446 849; x_wconf 81' lang='lat' dir='ltr'>exempla</span> <span class='ocrx_word' id='word_1_47' title='bbox 478 765 592 828; x_wconf 91' lang='lat' dir='ltr'>ducam</span> <span class='ocrx_word' id='word_1_48' title='bbox 626 769 658 828; x_wconf 88' lang='lat' dir='ltr'>et</span> <span class='ocrx_word' id='word_1_49' title='bbox 690 785 839 846; x_wconf 80' lang='lat' dir='ltr'>quaeram</span> <span class='ocrx_word' id='word_1_50' title='bbox 871 765 1017 845; x_wconf 84' lang='lat' dir='ltr'>miseros,</span> <span class='ocrx_word' id='word_1_51' title='bbox 1051 764 1143 846; x_wconf 90' lang='lat' dir='ltr'>quasi</span> 
     </span>
     <span class='ocr_line' id='line_1_8' title="bbox 124 852 1143 935; baseline -0.004 -16"><span class='ocrx_word' id='word_1_52' title='bbox 124 875 189 919; x_wconf 90' lang='lat' dir='ltr'>non</span> <span class='ocrx_word' id='word_1_53' title='bbox 218 854 380 918; x_wconf 82' lang='lat' dir='ltr'>difficilius</span> <span class='ocrx_word' id='word_1_54' title='bbox 410 855 451 917; x_wconf 89' lang='lat' dir='ltr'>sit</span> <span class='ocrx_word' id='word_1_55' title='bbox 477 854 618 916; x_wconf 79' lang='lat' dir='ltr'>invenire</span> <span class='ocrx_word' id='word_1_56' title='bbox 641 852 772 918; x_wconf 86' lang='lat' dir='ltr'>felices?</span> <span class='ocrx_word' id='word_1_57' title='bbox 818 856 917 935; x_wconf 88' lang='lat' dir='ltr'>quota</span> <span class='ocrx_word' id='word_1_58' title='bbox 940 853 1022 916; x_wconf 91' lang='lat' dir='ltr'>enim</span> <span class='ocrx_word' id='word_1_59' title='bbox 1049 873 1143 934; x_wconf 86' lang='lat' dir='ltr'>quae·</span> 
     </span>
     <span class='ocr_line' id='line_1_9' title="bbox 126 942 1143 1026; baseline -0.002 -19"><span class='ocrx_word' id='word_1_60' title='bbox 126 961 187 1026; x_wconf 88' lang='lat' dir='ltr'>que</span> <span class='ocrx_word' id='word_1_61' title='bbox 219 944 332 1007; x_wconf 91' lang='lat' dir='ltr'>domus</span> <span class='ocrx_word' id='word_1_62' title='bbox 365 965 467 1026; x_wconf 87' lang='lat' dir='ltr'>usque</span> <span class='ocrx_word' id='word_1_63' title='bbox 500 942 538 1006; x_wconf 87' lang='lat' dir='ltr'>ad</span> <span class='ocrx_word' id='word_1_64' title='bbox 572 942 693 1007; x_wconf 86' lang='lat' dir='ltr'>exitum</span> <span class='ocrx_word' id='word_1_65' title='bbox 724 943 872 1007; x_wconf 87' lang='lat' dir='ltr'>omnibus</span> <span class='ocrx_word' id='word_1_66' title='bbox 901 942 1045 1025; x_wconf 89' lang='lat' dir='ltr'>partibus</span> <span class='ocrx_word' id='word_1_67' title='bbox 1077 943 1143 1005; x_wconf 87' lang='lat' dir='ltr'>suis</span> 
     </span>
     <span class='ocr_line' id='line_1_10' title="bbox 125 1030 1142 1115; baseline -0.004 -18"><span class='ocrx_word' id='word_1_68' title='bbox 125 1031 292 1097; x_wconf 79' lang='lat' dir='ltr'>constitit?</span> <span class='ocrx_word' id='word_1_69' title='bbox 338 1032 371 1095; x_wconf 93' lang='lat' dir='ltr'>in</span> <span class='ocrx_word' id='word_1_70' title='bbox 402 1053 465 1115; x_wconf 92' lang='lat' dir='ltr'>qua</span> <span class='ocrx_word' id='word_1_71' title='bbox 495 1052 560 1095; x_wconf 91' lang='lat' dir='ltr'>non</span> <span class='ocrx_word' id='word_1_72' title='bbox 590 1032 711 1114; x_wconf 88' lang='lat' dir='ltr'>aliquid</span> <span class='ocrx_word' id='word_1_73' title='bbox 739 1032 904 1096; x_wconf 88' lang='lat' dir='ltr'>turbatum</span> <span class='ocrx_word' id='word_1_74' title='bbox 928 1030 997 1094; x_wconf 79' lang='lat' dir='ltr'>est?</span> <span class='ocrx_word' id='word_1_75' title='bbox 1042 1052 1142 1093; x_wconf 88' lang='lat' dir='ltr'>unum</span> 
     </span>
     <span class='ocr_line' id='line_1_11' title="bbox 125 1120 1187 1206; baseline -0.004 -20"><span class='ocrx_word' id='word_1_76' title='bbox 125 1122 300 1205; x_wconf 87' lang='lat' dir='ltr'>quemlibet</span> <span class='ocrx_word' id='word_1_77' title='bbox 333 1144 452 1185; x_wconf 89' lang='lat' dir='ltr'>annum</span> <span class='ocrx_word' id='word_1_78' title='bbox 483 1142 606 1205; x_wconf 89' lang='lat' dir='ltr'>occupa</span> <span class='ocrx_word' id='word_1_79' title='bbox 634 1125 667 1185; x_wconf 90' lang='lat' dir='ltr'>et</span> <span class='ocrx_word' id='word_1_80' title='bbox 696 1142 736 1184; x_wconf 85' lang='lat' dir='ltr'>ex</span> <span class='ocrx_word' id='word_1_81' title='bbox 766 1142 804 1185; x_wconf 93' lang='lat' dir='ltr'>eo</span> <span class='ocrx_word' id='word_1_82' title='bbox 834 1120 1041 1206; x_wconf 78' lang='lat' dir='ltr'>magistratus</span> <span class='ocrx_word' id='word_1_83' title='bbox 1065 1120 1143 1184; x_wconf 90' lang='lat' dir='ltr'>cita:</span> <span class='ocrx_word' id='word_1_84' title='bbox 1162 1144 1187 1183; x_wconf 82' lang='lat' dir='ltr'>ro</span> 
     </span>
     <span class='ocr_line' id='line_1_12' title="bbox 124 1207 1145 1275; baseline -0.003 0"><span class='ocrx_word' id='word_1_85' title='bbox 124 1209 259 1275; x_wconf 89' lang='lat' dir='ltr'>Lucium</span> <span class='ocrx_word' id='word_1_86' title='bbox 284 1211 311 1274; x_wconf 89' lang='lat' dir='ltr'>si</span> <span class='ocrx_word' id='word_1_87' title='bbox 332 1209 380 1275; x_wconf 87' lang='lat' dir='ltr'>vis</span> <span class='ocrx_word' id='word_1_88' title='bbox 399 1211 553 1274; x_wconf 89' lang='lat' dir='ltr'>Bibulum</span> <span class='ocrx_word' id='word_1_89' title='bbox 573 1215 604 1275; x_wconf 92' lang='lat' dir='ltr'>et</span> <span class='ocrx_word' id='word_1_90' title='bbox 624 1208 656 1274; x_wconf 82' lang='lat' dir='ltr'>C.</span> <span class='ocrx_word' id='word_1_91' title='bbox 672 1207 838 1274; x_wconf 83' lang='lat' dir='ltr'>Caesarem</span> <span class='ocrx_word' id='word_1_92' title='bbox 857 1246 899 1256; x_wconf 90' lang='lat'><em>-</em></span> <span class='ocrx_word' id='word_1_93' title='bbox 918 1209 1042 1273; x_wconf 88' lang='lat' dir='ltr'>videbis</span> <span class='ocrx_word' id='word_1_94' title='bbox 1060 1210 1145 1274; x_wconf 85' lang='lat' dir='ltr'>inter</span> 
     </span>
    </p>

    <p class='ocr_par' dir='ltr' id='par_1_4' title="bbox 89 1296 1189 2076">
     <span class='ocr_line' id='line_1_13' title="bbox 89 1296 1143 1386; baseline -0.002 -22"><span class='ocrx_word' id='word_1_95' title='bbox 89 1315 105 1364; x_wconf 76' lang='lat'><strong>2</strong></span> <span class='ocrx_word' id='word_1_96' title='bbox 125 1301 264 1386; x_wconf 84' lang='lat' dir='ltr'>collegas</span> <span class='ocrx_word' id='word_1_97' title='bbox 288 1300 527 1365; x_wconf 88' lang='lat' dir='ltr'>inimicissimos</span> <span class='ocrx_word' id='word_1_98' title='bbox 552 1299 743 1364; x_wconf 81' lang='lat' dir='ltr'>concordem</span> <span class='ocrx_word' id='word_1_99' title='bbox 762 1299 934 1364; x_wconf 86' lang='lat' dir='ltr'>fortunam.</span> <span class='ocrx_word' id='word_1_100' title='bbox 974 1297 1009 1363; x_wconf 89' lang='lat' dir='ltr'>L.</span> <span class='ocrx_word' id='word_1_101' title='bbox 1024 1296 1143 1378; x_wconf 92' lang='lat' dir='ltr'>Bibuli,</span> 
     </span>
     <span class='ocr_line' id='line_1_14' title="bbox 124 1387 1144 1473; baseline -0.003 -20"><span class='ocrx_word' id='word_1_102' title='bbox 124 1389 266 1454; x_wconf 88' lang='lat' dir='ltr'>melioris</span> <span class='ocrx_word' id='word_1_103' title='bbox 294 1411 391 1473; x_wconf 88' lang='lat' dir='ltr'>quam</span> <span class='ocrx_word' id='word_1_104' title='bbox 419 1389 561 1453; x_wconf 85' lang='lat' dir='ltr'>fortioris</span> <span class='ocrx_word' id='word_1_105' title='bbox 589 1389 664 1471; x_wconf 80' lang='lat' dir='ltr'>viri,</span> <span class='ocrx_word' id='word_1_106' title='bbox 692 1388 755 1452; x_wconf 93' lang='lat' dir='ltr'>duo</span> <span class='ocrx_word' id='word_1_107' title='bbox 780 1387 876 1452; x_wconf 79' lang='lat' dir='ltr'>simul</span> <span class='ocrx_word' id='word_1_108' title='bbox 899 1389 960 1451; x_wconf 88' lang='lat' dir='ltr'>filii</span> <span class='ocrx_word' id='word_1_109' title='bbox 983 1387 1144 1452; x_wconf 83' lang='lat' dir='ltr'>interfecti</span> 
     </span>
     <span class='ocr_line' id='line_1_15' title="bbox 125 1476 1145 1563; baseline -0.003 -20"><span class='ocrx_word' id='word_1_110' title='bbox 125 1482 212 1560; x_wconf 73' lang='lat' dir='ltr'>sunt,</span> <span class='ocrx_word' id='word_1_111' title='bbox 236 1477 399 1563; x_wconf 84' lang='lat' dir='ltr'>Aegyptio</span> <span class='ocrx_word' id='word_1_112' title='bbox 424 1479 552 1560; x_wconf 90' lang='lat' dir='ltr'>quidem</span> <span class='ocrx_word' id='word_1_113' title='bbox 583 1479 679 1541; x_wconf 89' lang='lat' dir='ltr'>militi</span> <span class='ocrx_word' id='word_1_114' title='bbox 707 1476 845 1542; x_wconf 92' lang='lat' dir='ltr'>ludibrio</span> <span class='ocrx_word' id='word_1_115' title='bbox 873 1476 990 1558; x_wconf 85' lang='lat' dir='ltr'>habiti,</span> <span class='ocrx_word' id='word_1_116' title='bbox 1017 1479 1145 1540; x_wconf 88' lang='lat' dir='ltr'>utnon</span> 
     </span>
     <span class='ocr_line' id='line_1_16' title="bbox 124 1565 1188 1650; baseline -0.002 -20"><span class='ocrx_word' id='word_1_117' title='bbox 124 1568 231 1631; x_wconf 88' lang='lat' dir='ltr'>minus</span> <span class='ocrx_word' id='word_1_118' title='bbox 264 1569 335 1650; x_wconf 90' lang='lat' dir='ltr'>ipsa</span> <span class='ocrx_word' id='word_1_119' title='bbox 367 1567 504 1631; x_wconf 87' lang='lat' dir='ltr'>orbitate</span> <span class='ocrx_word' id='word_1_120' title='bbox 537 1571 649 1631; x_wconf 80' lang='lat' dir='ltr'>auctor</span> <span class='ocrx_word' id='word_1_121' title='bbox 681 1567 749 1630; x_wconf 89' lang='lat' dir='ltr'>cius</span> <span class='ocrx_word' id='word_1_122' title='bbox 786 1565 884 1650; x_wconf 81' lang='lat' dir='ltr'>digna</span> <span class='ocrx_word' id='word_1_123' title='bbox 920 1588 969 1630; x_wconf 86' lang='lat' dir='ltr'>res</span> <span class='ocrx_word' id='word_1_124' title='bbox 1002 1565 1143 1629; x_wconf 80' lang='lat' dir='ltr'>lacrimis</span> <span class='ocrx_word' id='word_1_125' title='bbox 1164 1587 1188 1628; x_wconf 82' lang='lat' dir='ltr'>rs</span> 
     </span>
     <span class='ocr_line' id='line_1_17' title="bbox 125 1654 1143 1738; baseline -0.001 -19"><span class='ocrx_word' id='word_1_126' title='bbox 125 1660 217 1720; x_wconf 87' lang='lat' dir='ltr'>essct.</span> <span class='ocrx_word' id='word_1_127' title='bbox 274 1655 410 1719; x_wconf 89' lang='lat' dir='ltr'>Bibulus</span> <span class='ocrx_word' id='word_1_128' title='bbox 447 1660 568 1738; x_wconf 85' lang='lat' dir='ltr'>tamen,</span> <span class='ocrx_word' id='word_1_129' title='bbox 608 1655 662 1738; x_wconf 93' lang='lat' dir='ltr'>qui</span> <span class='ocrx_word' id='word_1_130' title='bbox 699 1658 770 1719; x_wconf 88' lang='lat' dir='ltr'>toto</span> <span class='ocrx_word' id='word_1_131' title='bbox 806 1655 938 1718; x_wconf 87' lang='lat' dir='ltr'>honoris</span> <span class='ocrx_word' id='word_1_132' title='bbox 976 1654 1026 1718; x_wconf 90' lang='lat' dir='ltr'>sui</span> <span class='ocrx_word' id='word_1_133' title='bbox 1059 1675 1143 1718; x_wconf 90' lang='lat' dir='ltr'>anno</span> 
     </span>
     <span class='ocr_line' id='line_1_18' title="bbox 125 1743 1144 1830; baseline -0.001 -22"><span class='ocrx_word' id='word_1_134' title='bbox 125 1745 221 1828; x_wconf 70' lang='lat' dir='ltr'>(ob)</span> <span class='ocrx_word' id='word_1_135' title='bbox 254 1745 408 1808; x_wconf 77' lang='lat' dir='ltr'>invidiam</span> <span class='ocrx_word' id='word_1_136' title='bbox 441 1746 582 1830; x_wconf 82' lang='lat' dir='ltr'>collegae</span> <span class='ocrx_word' id='word_1_137' title='bbox 615 1744 703 1808; x_wconf 90' lang='lat' dir='ltr'>domi</span> <span class='ocrx_word' id='word_1_138' title='bbox 738 1744 904 1827; x_wconf 84' lang='lat' dir='ltr'>latuerat,.</span> <span class='ocrx_word' id='word_1_139' title='bbox 926 1746 1055 1827; x_wconf 90' lang='lat' dir='ltr'>postero</span> <span class='ocrx_word' id='word_1_140' title='bbox 1093 1743 1144 1807; x_wconf 87' lang='lat' dir='ltr'>die</span> 
     </span>
     <span class='ocr_line' id='line_1_19' title="bbox 126 1831 1144 1919; baseline -0.002 -21"><span class='ocrx_word' id='word_1_141' title='bbox 126 1854 222 1916; x_wconf 90' lang='lat' dir='ltr'>quam</span> <span class='ocrx_word' id='word_1_142' title='bbox 255 1836 419 1919; x_wconf 75' lang='lat' dir='ltr'>geminum</span> <span class='ocrx_word' id='word_1_143' title='bbox 451 1834 548 1898; x_wconf 88' lang='lat' dir='ltr'>funus</span> <span class='ocrx_word' id='word_1_144' title='bbox 579 1833 798 1897; x_wconf 86' lang='lat' dir='ltr'>renuntiatum</span> <span class='ocrx_word' id='word_1_145' title='bbox 829 1837 891 1915; x_wconf 87' lang='lat' dir='ltr'>est,</span> <span class='ocrx_word' id='word_1_146' title='bbox 920 1831 1076 1915; x_wconf 88' lang='lat' dir='ltr'>processit</span> <span class='ocrx_word' id='word_1_147' title='bbox 1103 1832 1144 1896; x_wconf 86' lang='lat' dir='ltr'>ad</span> 
     </span>
     <span class='ocr_line' id='line_1_20' title="bbox 126 1921 1144 2006; baseline -0.002 -19"><span class='ocrx_word' id='word_1_148' title='bbox 126 1923 221 1987; x_wconf 87' lang='lat' dir='ltr'>solita</span> <span class='ocrx_word' id='word_1_149' title='bbox 249 1923 375 2006; x_wconf 88' lang='lat' dir='ltr'>imperii</span> <span class='ocrx_word' id='word_1_150' title='bbox 403 1921 517 1988; x_wconf 85' lang='lat' dir='ltr'>officia.</span> <span class='ocrx_word' id='word_1_151' title='bbox 565 1923 637 2006; x_wconf 89' lang='lat' dir='ltr'>quis</span> <span class='ocrx_word' id='word_1_152' title='bbox 660 1921 766 1986; x_wconf 90' lang='lat' dir='ltr'>minus</span> <span class='ocrx_word' id='word_1_153' title='bbox 791 1926 899 2004; x_wconf 87' lang='lat' dir='ltr'>potest</span> <span class='ocrx_word' id='word_1_154' title='bbox 922 1943 1018 2005; x_wconf 87' lang='lat' dir='ltr'>quarn</span> <span class='ocrx_word' id='word_1_155' title='bbox 1041 1942 1144 1986; x_wconf 88' lang='lat' dir='ltr'>unum</span> 
     </span>
     <span class='ocr_line' id='line_1_21' title="bbox 126 2010 1189 2076; baseline -0.002 -1"><span class='ocrx_word' id='word_1_156' title='bbox 126 2012 209 2076; x_wconf 88' lang='lat' dir='ltr'>diem</span> <span class='ocrx_word' id='word_1_157' title='bbox 241 2012 365 2076; x_wconf 87' lang='lat' dir='ltr'>duobus</span> <span class='ocrx_word' id='word_1_158' title='bbox 395 2012 458 2075; x_wconf 87' lang='lat' dir='ltr'>filis</span> <span class='ocrx_word' id='word_1_159' title='bbox 489 2011 585 2076; x_wconf 81' lang='lat' dir='ltr'>dare?</span> <span class='ocrx_word' id='word_1_160' title='bbox 629 2015 697 2074; x_wconf 87' lang='lat' dir='ltr'>tam</span> <span class='ocrx_word' id='word_1_161' title='bbox 725 2011 789 2075; x_wconf 87' lang='lat' dir='ltr'>cito</span> <span class='ocrx_word' id='word_1_162' title='bbox 817 2011 991 2075; x_wconf 90' lang='lat' dir='ltr'>liberorum</span> <span class='ocrx_word' id='word_1_163' title='bbox 1019 2010 1143 2074; x_wconf 89' lang='lat' dir='ltr'>luctum</span> <span class='ocrx_word' id='word_1_164' title='bbox 1163 2033 1189 2074; x_wconf 81' lang='lat' dir='ltr'>ao</span> 
     </span>
    </p>

    <p class='ocr_par' dir='ltr' id='par_1_5' title="bbox 90 2098 1188 2722">
     <span class='ocr_line' id='line_1_22' title="bbox 90 2098 1143 2184; baseline -0.001 -20"><span class='ocrx_word' id='word_1_165' title='bbox 90 2102 244 2183; x_wconf 77' lang='lat' dir='ltr'>slinivit,</span> <span class='ocrx_word' id='word_1_166' title='bbox 274 2103 328 2184; x_wconf 91' lang='lat' dir='ltr'>qui</span> <span class='ocrx_word' id='word_1_167' title='bbox 361 2101 563 2166; x_wconf 89' lang='lat' dir='ltr'>consulatum</span> <span class='ocrx_word' id='word_1_168' title='bbox 591 2123 675 2164; x_wconf 90' lang='lat' dir='ltr'>anno</span> <span class='ocrx_word' id='word_1_169' title='bbox 698 2100 831 2164; x_wconf 85' lang='lat' dir='ltr'>luxerat.</span> <span class='ocrx_word' id='word_1_170' title='bbox 878 2099 911 2164; x_wconf 80' lang='lat' dir='ltr'>C.</span> <span class='ocrx_word' id='word_1_171' title='bbox 932 2098 1047 2164; x_wconf 80' lang='lat' dir='ltr'>Caesar</span> <span class='ocrx_word' id='word_1_172' title='bbox 1069 2121 1143 2164; x_wconf 91' lang='lat' dir='ltr'>cum</span> 
     </span>
     <span class='ocr_line' id='line_1_23' title="bbox 126 2189 1144 2276; baseline -0.002 -22"><span class='ocrx_word' id='word_1_173' title='bbox 126 2189 325 2255; x_wconf 85' lang='lat' dir='ltr'>Britanniam</span> <span class='ocrx_word' id='word_1_174' title='bbox 349 2194 533 2276; x_wconf 83' lang='lat' dir='ltr'>peragraret</span> <span class='ocrx_word' id='word_1_175' title='bbox 555 2211 615 2254; x_wconf 88' lang='lat' dir='ltr'>nec</span> <span class='ocrx_word' id='word_1_176' title='bbox 638 2211 757 2255; x_wconf 89' lang='lat' dir='ltr'>oceano</span> <span class='ocrx_word' id='word_1_177' title='bbox 776 2190 938 2254; x_wconf 87' lang='lat' dir='ltr'>continere</span> <span class='ocrx_word' id='word_1_178' title='bbox 957 2189 1144 2254; x_wconf 83' lang='lat' dir='ltr'>felicitatem</span> 
     </span>
     <span class='ocr_line' id='line_1_24' title="bbox 126 2278 1145 2365; baseline -0.002 -21"><span class='ocrx_word' id='word_1_179' title='bbox 126 2303 216 2344; x_wconf 90' lang='lat' dir='ltr'>suam</span> <span class='ocrx_word' id='word_1_180' title='bbox 240 2285 362 2365; x_wconf 85' lang='lat' dir='ltr'>posset,</span> <span class='ocrx_word' id='word_1_181' title='bbox 385 2280 475 2346; x_wconf 89' lang='lat' dir='ltr'>audit</span> <span class='ocrx_word' id='word_1_182' title='bbox 494 2279 665 2344; x_wconf 78' lang='lat' dir='ltr'>decessisse</span> <span class='ocrx_word' id='word_1_183' title='bbox 684 2280 784 2344; x_wconf 91' lang='lat' dir='ltr'>filiam</span> <span class='ocrx_word' id='word_1_184' title='bbox 803 2280 933 2363; x_wconf 91' lang='lat' dir='ltr'>publica</span> <span class='ocrx_word' id='word_1_185' title='bbox 951 2301 1059 2344; x_wconf 89' lang='lat' dir='ltr'>secum</span> <span class='ocrx_word' id='word_1_186' title='bbox 1077 2278 1145 2342; x_wconf 86' lang='lat' dir='ltr'>fata</span> 
     </span>
     <span class='ocr_line' id='line_1_25' title="bbox 127 2367 1143 2452; baseline -0.001 -19"><span class='ocrx_word' id='word_1_187' title='bbox 127 2369 302 2435; x_wconf 88' lang='lat' dir='ltr'>ducentem.</span> <span class='ocrx_word' id='word_1_188' title='bbox 324 2373 375 2434; x_wconf 83' lang='lat' dir='ltr'>‘in</span> <span class='ocrx_word' id='word_1_189' title='bbox 398 2368 499 2435; x_wconf 87' lang='lat' dir='ltr'>oculis</span> <span class='ocrx_word' id='word_1_190' title='bbox 523 2372 590 2434; x_wconf 89' lang='lat' dir='ltr'>erat</span> <span class='ocrx_word' id='word_1_191' title='bbox 611 2369 675 2433; x_wconf 90' lang='lat' dir='ltr'>iam</span> <span class='ocrx_word' id='word_1_192' title='bbox 695 2367 938 2452; x_wconf 82' lang='lat' dir='ltr'>CnPompeius</span> <span class='ocrx_word' id='word_1_193' title='bbox 957 2389 1143 2451; x_wconf 85' lang='lat' dir='ltr'>nonaeque</span> 
     </span>
     <span class='ocr_line' id='line_1_26' title="bbox 126 2457 1188 2542; baseline -0.002 -20"><span class='ocrx_word' id='word_1_194' title='bbox 126 2460 249 2523; x_wconf 87' lang='lat' dir='ltr'>laturus</span> <span class='ocrx_word' id='word_1_195' title='bbox 282 2460 388 2523; x_wconf 89' lang='lat' dir='ltr'>animo</span> <span class='ocrx_word' id='word_1_196' title='bbox 423 2480 617 2542; x_wconf 88' lang='lat' dir='ltr'>quemquam</span> <span class='ocrx_word' id='word_1_197' title='bbox 649 2459 748 2523; x_wconf 89' lang='lat' dir='ltr'>aliurn</span> <span class='ocrx_word' id='word_1_198' title='bbox 782 2479 850 2522; x_wconf 88' lang='lat' dir='ltr'>esse</span> <span class='ocrx_word' id='word_1_199' title='bbox 883 2458 916 2522; x_wconf 92' lang='lat' dir='ltr'>in</span> <span class='ocrx_word' id='word_1_200' title='bbox 947 2480 981 2521; x_wconf 92' lang='lat' dir='ltr'>re</span> <span class='ocrx_word' id='word_1_201' title='bbox 1013 2457 1188 2541; x_wconf 82' lang='lat' dir='ltr'>publicare</span> 
     </span>
     <span class='ocr_line' id='line_1_27' title="bbox 126 2547 1144 2632; baseline -0.001 -22"><span class='ocrx_word' id='word_1_202' title='bbox 126 2567 279 2632; x_wconf 82' lang='lat' dir='ltr'>magnum</span> <span class='ocrx_word' id='word_1_203' title='bbox 317 2552 348 2612; x_wconf 91' lang='lat' dir='ltr'>et</span> <span class='ocrx_word' id='word_1_204' title='bbox 385 2548 516 2612; x_wconf 90' lang='lat' dir='ltr'>modum</span> <span class='ocrx_word' id='word_1_205' title='bbox 557 2548 755 2630; x_wconf 88' lang='lat' dir='ltr'>inpositurus</span> <span class='ocrx_word' id='word_1_206' title='bbox 797 2547 1016 2629; x_wconf 88' lang='lat' dir='ltr'>incrementis,</span> <span class='ocrx_word' id='word_1_207' title='bbox 1062 2568 1144 2629; x_wconf 90' lang='lat' dir='ltr'>quae</span> 
     </span>
     <span class='ocr_line' id='line_1_28' title="bbox 127 2635 1143 2722; baseline -0.001 -22"><span class='ocrx_word' id='word_1_208' title='bbox 127 2637 236 2722; x_wconf 81' lang='lat' dir='ltr'>gravia</span> <span class='ocrx_word' id='word_1_209' title='bbox 284 2636 332 2700; x_wconf 89' lang='lat' dir='ltr'>illi</span> <span class='ocrx_word' id='word_1_210' title='bbox 379 2637 584 2720; x_wconf 89' lang='lat' dir='ltr'>videbantur,</span> <span class='ocrx_word' id='word_1_211' title='bbox 634 2637 731 2701; x_wconf 90' lang='lat' dir='ltr'>etiam</span> <span class='ocrx_word' id='word_1_212' title='bbox 779 2658 852 2701; x_wconf 91' lang='lat' dir='ltr'>curn</span> <span class='ocrx_word' id='word_1_213' title='bbox 897 2635 930 2699; x_wconf 92' lang='lat' dir='ltr'>in</span> <span class='ocrx_word' id='word_1_214' title='bbox 974 2657 1143 2702; x_wconf 89' lang='lat' dir='ltr'>commune</span> 
     </span>
    </p>
   </div>
   <div class='ocr_carea' id='block_1_4' title="bbox 113 2810 1147 3597">
    <p class='ocr_par' dir='ltr' id='par_1_6' title="bbox 113 2810 1147 3597">
     <span class='ocr_line' id='line_1_29' title="bbox 215 2810 1144 2882; baseline -0.002 -16"><span class='ocrx_word' id='word_1_215' title='bbox 215 2811 233 2866; x_wconf 73' lang='lat'>‘3</span> <span class='ocrx_word' id='word_1_216' title='bbox 256 2814 285 2866; x_wconf 88' lang='lat' dir='ltr'>et</span> <span class='ocrx_word' id='word_1_217' title='bbox 307 2828 390 2880; x_wconf 87' lang='lat' dir='ltr'>quem</span> <span class='ocrx_word' id='word_1_218' title='bbox 414 2812 505 2880; x_wconf 78' lang='lat' dir='ltr'>magis</span> <span class='ocrx_word' id='word_1_219' title='bbox 528 2814 639 2882; x_wconf 85' lang='lat' dir='ltr'>poterat</span> <span class='ocrx_word' id='word_1_220' title='bbox 658 2828 839 2880; x_wconf 85' lang='lat' dir='ltr'>permonere</span> <span class='ocrx_word' id='word_1_221' title='bbox 858 2814 940 2864; x_wconf 87' lang='lat' dir='ltr'>tanta</span> <span class='ocrx_word' id='word_1_222' title='bbox 958 2810 1097 2864; x_wconf 87' lang='lat' dir='ltr'>mutatio?</span> <span class='ocrx_word' id='word_1_223' title='bbox 1116 2812 1144 2864; x_wconf 87' lang='lat' dir='ltr'><strong><em>A</em></strong></span> 
     </span>
     <span class='ocr_line' id='line_1_30' title="bbox 126 2881 1144 2954; baseline -0.004 -16"><span class='ocrx_word' id='word_1_224' title='bbox 126 2899 194 2938; x_wconf 79' lang='lat' dir='ltr'>corr.</span> <span class='ocrx_word' id='word_1_225' title='bbox 212 2884 293 2937; x_wconf 79' lang='lat' dir='ltr'>Gerra</span> <span class='ocrx_word' id='word_1_226' title='bbox 317 2884 327 2954; x_wconf 88' lang='grc' dir='ltr'>ΗΗ</span> <span class='ocrx_word' id='word_1_227' title='bbox 350 2882 368 2936; x_wconf 81' lang='grc'><strong>3</strong></span> <span class='ocrx_word' id='word_1_228' title='bbox 391 2883 517 2952; x_wconf 89' lang='lat' dir='ltr'>perdidit</span> <span class='ocrx_word' id='word_1_229' title='bbox 535 2885 563 2937; x_wconf 83' lang='lat' dir='ltr'><em>F</em></span> <span class='ocrx_word' id='word_1_230' title='bbox 578 2881 673 2952; x_wconf 85' lang='lat' dir='ltr'>perdit</span> <span class='ocrx_word' id='word_1_231' title='bbox 686 2885 714 2938; x_wconf 90' lang='lat' dir='ltr'><strong><em>A</em></strong></span> <span class='ocrx_word' id='word_1_232' title='bbox 738 2884 748 2954; x_wconf 89' lang='grc' dir='ltr'>ΗΗ</span> <span class='ocrx_word' id='word_1_233' title='bbox 773 2882 791 2936; x_wconf 84' lang='grc'><strong>4</strong></span> <span class='ocrx_word' id='word_1_234' title='bbox 813 2883 892 2936; x_wconf 87' lang='lat' dir='ltr'>Persi</span> <span class='ocrx_word' id='word_1_235' title='bbox 910 2883 1025 2950; x_wconf 80' lang='lat' dir='ltr'>Lipsius</span> <span class='ocrx_word' id='word_1_236' title='bbox 1043 2897 1144 2948; x_wconf 86' lang='lat' dir='ltr'>persen</span> 
     </span>
     <span class='ocr_line' id='line_1_31' title="bbox 127 2953 1146 3026; baseline -0.001 -18"><span class='ocrx_word' id='word_1_237' title='bbox 127 2955 203 3009; x_wconf 80' lang='lat' dir='ltr'>A⁵F</span> <span class='ocrx_word' id='word_1_238' title='bbox 218 2954 307 3023; x_wconf 88' lang='lat' dir='ltr'>persis</span> <span class='ocrx_word' id='word_1_239' title='bbox 321 2961 352 3008; x_wconf 83' lang='lat' dir='ltr'>ut</span> <span class='ocrx_word' id='word_1_240' title='bbox 365 2955 419 3009; x_wconf 83' lang='lat' dir='ltr'>oid.</span> <span class='ocrx_word' id='word_1_241' title='bbox 435 2954 477 3008; x_wconf 88' lang='lat' dir='ltr'><strong><em>A¹</em></strong></span> <span class='ocrx_word' id='word_1_242' title='bbox 494 2956 505 3026; x_wconf 94' lang='grc' dir='ltr'>Η</span> <span class='ocrx_word' id='word_1_243' title='bbox 524 2955 538 3008; x_wconf 81' lang='grc'><strong>7</strong></span> <span class='ocrx_word' id='word_1_244' title='bbox 553 2955 628 3023; x_wconf 89' lang='lat' dir='ltr'>quod</span> <span class='ocrx_word' id='word_1_245' title='bbox 643 2955 718 3008; x_wconf 87' lang='lat' dir='ltr'>enim</span> <span class='ocrx_word' id='word_1_246' title='bbox 732 2970 842 3024; x_wconf 89' lang='lat' dir='ltr'>queque</span> <span class='ocrx_word' id='word_1_247' title='bbox 857 2955 920 3008; x_wconf 88' lang='lat' dir='ltr'>AF</span> <span class='ocrx_word' id='word_1_248' title='bbox 931 2970 999 3009; x_wconf 74' lang='lat' dir='ltr'>corr.</span> <span class='ocrx_word' id='word_1_249' title='bbox 1010 2953 1123 3008; x_wconf 77' lang='lat' dir='ltr'>Fickert</span> <span class='ocrx_word' id='word_1_250' title='bbox 1134 2954 1146 3024; x_wconf 89' lang='grc' dir='ltr'>ΗΗ</span> 
     </span>
     <span class='ocr_line' id='line_1_32' title="bbox 126 3025 1144 3096; baseline -0.001 -17"><span class='ocrx_word' id='word_1_251' title='bbox 126 3025 144 3079; x_wconf 81' lang='grc'><strong>9</strong></span> <span class='ocrx_word' id='word_1_252' title='bbox 163 3027 307 3079; x_wconf 84' lang='lat' dir='ltr'>constitit?</span> <span class='ocrx_word' id='word_1_253' title='bbox 339 3026 369 3079; x_wconf 89' lang='lat' dir='ltr'>in</span> <span class='ocrx_word' id='word_1_254' title='bbox 393 3041 469 3094; x_wconf 88' lang='lat' dir='ltr'>qua.</span> <span class='ocrx_word' id='word_1_255' title='bbox 487 3069 491 3080; x_wconf 93' lang='lat'>.</span> <span class='ocrx_word' id='word_1_256' title='bbox 509 3069 513 3079; x_wconf 91' lang='lat'><em>.</em></span> <span class='ocrx_word' id='word_1_257' title='bbox 529 3029 589 3079; x_wconf 80' lang='lat' dir='ltr'>est?</span> <span class='ocrx_word' id='word_1_258' title='bbox 609 3028 728 3096; x_wconf 75' lang='lat' dir='ltr'>Madviq</span> <span class='ocrx_word' id='word_1_259' title='bbox 752 3025 887 3080; x_wconf 87' lang='lat' dir='ltr'>constitit.</span> <span class='ocrx_word' id='word_1_260' title='bbox 920 3025 950 3078; x_wconf 88' lang='lat' dir='ltr'>in</span> <span class='ocrx_word' id='word_1_261' title='bbox 969 3040 1025 3093; x_wconf 89' lang='lat' dir='ltr'>qua</span> <span class='ocrx_word' id='word_1_262' title='bbox 1041 3067 1046 3078; x_wconf 90' lang='lat'><em>.</em></span> <span class='ocrx_word' id='word_1_263' title='bbox 1063 3068 1068 3078; x_wconf 94' lang='lat'>.</span> <span class='ocrx_word' id='word_1_264' title='bbox 1085 3067 1090 3077; x_wconf 95' lang='lat'>.</span> <span class='ocrx_word' id='word_1_265' title='bbox 1107 3026 1144 3078; x_wconf 88' lang='lat' dir='ltr'>sit</span> 
     </span>
     <span class='ocr_line' id='line_1_33' title="bbox 127 3096 1142 3167; baseline -0.004 -16"><span class='ocrx_word' id='word_1_266' title='bbox 127 3099 154 3151; x_wconf 90' lang='lat' dir='ltr'><strong><em>A</em></strong></span> <span class='ocrx_word' id='word_1_267' title='bbox 177 3103 208 3150; x_wconf 82' lang='lat' dir='ltr'>ut</span> <span class='ocrx_word' id='word_1_268' title='bbox 230 3098 299 3166; x_wconf 69' lang='lat' dir='ltr'>sely.</span> <span class='ocrx_word' id='word_1_269' title='bbox 319 3097 418 3151; x_wconf 87' lang='lat' dir='ltr'>domus</span> <span class='ocrx_word' id='word_1_270' title='bbox 438 3101 581 3166; x_wconf 87' lang='lat' dir='ltr'>&lt;quae&gt;</span> <span class='ocrx_word' id='word_1_271' title='bbox 599 3114 689 3167; x_wconf 87' lang='lat' dir='ltr'>usque</span> <span class='ocrx_word' id='word_1_272' title='bbox 705 3142 709 3152; x_wconf 92' lang='lat'>.</span> <span class='ocrx_word' id='word_1_273' title='bbox 726 3141 731 3150; x_wconf 89' lang='lat'>.</span> <span class='ocrx_word' id='word_1_274' title='bbox 749 3141 754 3151; x_wconf 91' lang='lat'><em>.</em></span> <span class='ocrx_word' id='word_1_275' title='bbox 770 3096 941 3162; x_wconf 84' lang='lat' dir='ltr'>constiterit,</span> <span class='ocrx_word' id='word_1_276' title='bbox 965 3096 995 3150; x_wconf 88' lang='lat' dir='ltr'>in</span> <span class='ocrx_word' id='word_1_277' title='bbox 1018 3111 1074 3164; x_wconf 89' lang='lat' dir='ltr'>qua</span> <span class='ocrx_word' id='word_1_278' title='bbox 1092 3138 1098 3150; x_wconf 89' lang='lat'><strong>.</strong></span> <span class='ocrx_word' id='word_1_279' title='bbox 1115 3138 1142 3147; x_wconf 94' lang='lat'>..</span> 
     </span>
     <span class='ocr_line' id='line_1_34' title="bbox 127 3167 1147 3240; baseline -0.001 -19"><span class='ocrx_word' id='word_1_280' title='bbox 127 3168 164 3222; x_wconf 86' lang='lat' dir='ltr'>sit</span> <span class='ocrx_word' id='word_1_281' title='bbox 182 3185 206 3222; x_wconf 87' lang='lat' dir='ltr'>c.</span> <span class='ocrx_word' id='word_1_282' title='bbox 222 3169 247 3223; x_wconf 83' lang='lat' dir='ltr'>d.</span> <span class='ocrx_word' id='word_1_283' title='bbox 265 3169 337 3223; x_wconf 82' lang='lat' dir='ltr'>Vliet</span> <span class='ocrx_word' id='word_1_284' title='bbox 358 3170 368 3240; x_wconf 92' lang='grc' dir='ltr'>Η</span> <span class='ocrx_word' id='word_1_285' title='bbox 394 3167 429 3222; x_wconf 76' lang='lat' dir='ltr'>lt</span> <span class='ocrx_word' id='word_1_286' title='bbox 447 3168 570 3224; x_wconf 87' lang='lat' dir='ltr'>fortioris</span> <span class='ocrx_word' id='word_1_287' title='bbox 584 3171 612 3224; x_wconf 92' lang='lat' dir='ltr'><strong><em>A</em></strong></span> <span class='ocrx_word' id='word_1_288' title='bbox 630 3169 824 3223; x_wconf 85' lang='lat' dir='ltr'>fortunatioris</span> <span class='ocrx_word' id='word_1_289' title='bbox 843 3168 926 3222; x_wconf 78' lang='lat' dir='ltr'>Gertz</span> <span class='ocrx_word' id='word_1_290' title='bbox 948 3167 958 3238; x_wconf 91' lang='grc' dir='ltr'>ΗΗ</span> <span class='ocrx_word' id='word_1_291' title='bbox 984 3167 1019 3221; x_wconf 84' lang='grc'>16</span> <span class='ocrx_word' id='word_1_292' title='bbox 1036 3169 1096 3221; x_wconf 87' lang='lat' dir='ltr'>toto</span> <span class='ocrx_word' id='word_1_293' title='bbox 1116 3167 1147 3220; x_wconf 98' lang='lat' dir='ltr'><em>F</em></span> 
     </span>
     <span class='ocr_line' id='line_1_35' title="bbox 126 3237 1144 3312; baseline -0.002 -19"><span class='ocrx_word' id='word_1_294' title='bbox 126 3246 157 3294; x_wconf 79' lang='lat' dir='ltr'>ut</span> <span class='ocrx_word' id='word_1_295' title='bbox 175 3241 243 3310; x_wconf 71' lang='lat' dir='ltr'>culp.</span> <span class='ocrx_word' id='word_1_296' title='bbox 262 3242 306 3294; x_wconf 90' lang='lat' dir='ltr'>tot</span> <span class='ocrx_word' id='word_1_297' title='bbox 319 3241 346 3294; x_wconf 97' lang='lat' dir='ltr'><strong><em>A</em></strong></span> <span class='ocrx_word' id='word_1_298' title='bbox 365 3241 375 3312; x_wconf 91' lang='grc' dir='ltr'>Η</span> <span class='ocrx_word' id='word_1_299' title='bbox 393 3239 426 3294; x_wconf 82' lang='grc'>17</span> <span class='ocrx_word' id='word_1_300' title='bbox 442 3238 477 3293; x_wconf 95' lang='lat' dir='ltr'>ob</span> <span class='ocrx_word' id='word_1_301' title='bbox 492 3241 630 3295; x_wconf 89' lang='lat' dir='ltr'>inuidiam</span> <span class='ocrx_word' id='word_1_302' title='bbox 644 3242 675 3295; x_wconf 87' lang='lat' dir='ltr'><em>F</em></span> <span class='ocrx_word' id='word_1_303' title='bbox 689 3240 828 3295; x_wconf 88' lang='lat' dir='ltr'>inuidiam</span> <span class='ocrx_word' id='word_1_304' title='bbox 843 3240 870 3295; x_wconf 88' lang='lat' dir='ltr'><strong><em>A</em></strong></span> <span class='ocrx_word' id='word_1_305' title='bbox 888 3238 898 3311; x_wconf 90' lang='grc' dir='ltr'>ΗΗ</span> <span class='ocrx_word' id='word_1_306' title='bbox 916 3238 951 3292; x_wconf 82' lang='grc'>19</span> <span class='ocrx_word' id='word_1_307' title='bbox 967 3238 1034 3307; x_wconf 80' lang='lat' dir='ltr'>imp,</span> <span class='ocrx_word' id='word_1_308' title='bbox 1050 3237 1144 3292; x_wconf 84' lang='lat' dir='ltr'>officia</span> 
     </span>
     <span class='ocr_line' id='line_1_36' title="bbox 126 3309 1144 3382; baseline -0.004 -16"><span class='ocrx_word' id='word_1_309' title='bbox 126 3312 155 3366; x_wconf 88' lang='lat' dir='ltr'><strong><em>A</em></strong></span> <span class='ocrx_word' id='word_1_310' title='bbox 173 3311 351 3380; x_wconf 87' lang='lat' dir='ltr'>imperatoris</span> <span class='ocrx_word' id='word_1_311' title='bbox 369 3310 420 3364; x_wconf 87' lang='lat' dir='ltr'>off·</span> <span class='ocrx_word' id='word_1_312' title='bbox 439 3313 468 3366; x_wconf 88' lang='lat' dir='ltr'><em>F</em></span> <span class='ocrx_word' id='word_1_313' title='bbox 486 3312 489 3382; x_wconf 92' lang='grc' dir='ltr'>Ι</span> <span class='ocrx_word' id='word_1_314' title='bbox 511 3312 579 3380; x_wconf 90' lang='lat' dir='ltr'>quid</span> <span class='ocrx_word' id='word_1_315' title='bbox 596 3312 688 3366; x_wconf 88' lang='lat' dir='ltr'>minus</span> <span class='ocrx_word' id='word_1_316' title='bbox 702 3313 797 3381; x_wconf 86' lang='lat' dir='ltr'>potest</span> <span class='ocrx_word' id='word_1_317' title='bbox 810 3311 873 3365; x_wconf 90' lang='lat' dir='ltr'>AF</span> <span class='ocrx_word' id='word_1_318' title='bbox 889 3327 958 3365; x_wconf 81' lang='lat' dir='ltr'>corr.</span> <span class='ocrx_word' id='word_1_319' title='bbox 974 3310 1056 3364; x_wconf 79' lang='lat' dir='ltr'>Gertz</span> <span class='ocrx_word' id='word_1_320' title='bbox 1075 3309 1144 3377; x_wconf 90' lang='lat' dir='ltr'>quid</span> 
     </span>
     <span class='ocr_line' id='line_1_37' title="bbox 126 3381 1142 3506; baseline 0 -72"><span class='ocrx_word' id='word_1_321' title='bbox 126 3384 219 3436; x_wconf 87' lang='lat' dir='ltr'>minus</span> <span class='ocrx_word' id='word_1_322' title='bbox 237 3385 350 3451; x_wconf 89' lang='lat' dir='ltr'>poterat</span> <span class='ocrx_word' id='word_1_323' title='bbox 369 3384 464 3438; x_wconf 80' lang='lat' dir='ltr'>Muret</span> <span class='ocrx_word' id='word_1_324' title='bbox 481 3383 491 3454; x_wconf 90' lang='grc' dir='ltr'>Η</span> <span class='ocrx_word' id='word_1_325' title='bbox 508 3382 544 3437; x_wconf 79' lang='lat'>20</span> <span class='ocrx_word' id='word_1_326' title='bbox 563 3383 617 3452; x_wconf 90' lang='lat' dir='ltr'>filjs</span> <span class='ocrx_word' id='word_1_327' title='bbox 632 3385 659 3437; x_wconf 89' lang='lat' dir='ltr'><strong><em>A</em></strong></span> <span class='ocrx_word' id='word_1_328' title='bbox 673 3383 693 3506; x_wconf 80' lang='grc' dir='ltr'>ξΗ</span> <span class='ocrx_word' id='word_1_329' title='bbox 704 3383 740 3436; x_wconf 76' lang='lat'>28</span> <span class='ocrx_word' id='word_1_330' title='bbox 759 3381 816 3435; x_wconf 90' lang='lat' dir='ltr'>aud</span> <span class='ocrx_word' id='word_1_331' title='bbox 834 3383 858 3435; x_wconf 91' lang='lat' dir='ltr'>it</span> <span class='ocrx_word' id='word_1_332' title='bbox 871 3382 898 3437; x_wconf 89' lang='lat' dir='ltr'><strong><em>A</em></strong></span> <span class='ocrx_word' id='word_1_333' title='bbox 918 3384 1142 3451; x_wconf 42' lang='lat' dir='ltr'>(iterrp1171,1</span> 
     </span>
     <span class='ocr_line' id='line_1_38' title="bbox 127 3451 1143 3524; baseline 0 -19"><span class='ocrx_word' id='word_1_334' title='bbox 127 3451 163 3506; x_wconf 94' lang='lat' dir='ltr'>ob</span> <span class='ocrx_word' id='word_1_335' title='bbox 181 3454 215 3523; x_wconf 90' lang='lat' dir='ltr'>it)</span> <span class='ocrx_word' id='word_1_336' title='bbox 234 3454 326 3508; x_wconf 88' lang='lat' dir='ltr'>audiit</span> <span class='ocrx_word' id='word_1_337' title='bbox 344 3460 394 3509; x_wconf 82' lang='lat' dir='ltr'>aut</span> <span class='ocrx_word' id='word_1_338' title='bbox 412 3454 521 3508; x_wconf 87' lang='lat' dir='ltr'>audivit</span> <span class='ocrx_word' id='word_1_339' title='bbox 535 3453 614 3524; x_wconf 53' lang='lat' dir='ltr'>cddrl</span> <span class='ocrx_word' id='word_1_340' title='bbox 635 3471 674 3523; x_wconf 92' lang='lat' dir='ltr'>pu</span> <span class='ocrx_word' id='word_1_341' title='bbox 694 3454 770 3524; x_wconf 78' lang='lat' dir='ltr'>licall</span> <span class='ocrx_word' id='word_1_342' title='bbox 782 3456 859 3520; x_wconf 78' lang='lat' dir='ltr'>(eras.</span> <span class='ocrx_word' id='word_1_343' title='bbox 875 3455 913 3521; x_wconf 89' lang='lat' dir='ltr'>m)</span> <span class='ocrx_word' id='word_1_344' title='bbox 929 3453 956 3506; x_wconf 90' lang='lat' dir='ltr'><strong><em>A</em></strong></span> <span class='ocrx_word' id='word_1_345' title='bbox 974 3451 985 3523; x_wconf 95' lang='grc' dir='ltr'>Η</span> <span class='ocrx_word' id='word_1_346' title='bbox 1001 3451 1037 3506; x_wconf 75' lang='grc'>26</span> <span class='ocrx_word' id='word_1_347' title='bbox 1050 3452 1080 3506; x_wconf 92' lang='lat' dir='ltr'>in</span> <span class='ocrx_word' id='word_1_348' title='bbox 1094 3467 1143 3521; x_wconf 90' lang='lat' dir='ltr'>po·</span> 
     </span>
     <span class='ocr_line' id='line_1_39' title="bbox 113 3522 1145 3597; baseline 0.006 -25"><span class='ocrx_word' id='word_1_349' title='bbox 113 3524 238 3576; x_wconf 71' lang='lat' dir='ltr'>arturum</span> <span class='ocrx_word' id='word_1_350' title='bbox 258 3529 297 3592; x_wconf 88' lang='lat' dir='ltr'>(m</span> <span class='ocrx_word' id='word_1_351' title='bbox 317 3542 385 3582; x_wconf 83' lang='lat' dir='ltr'>corr.</span> <span class='ocrx_word' id='word_1_352' title='bbox 403 3526 433 3580; x_wconf 80' lang='lat' dir='ltr'>in</span> <span class='ocrx_word' id='word_1_353' title='bbox 451 3524 838 3597; x_wconf 71' lang='lat' dir='ltr'>sfort.m.1)Al[Elcum</span> <span class='ocrx_word' id='word_1_354' title='bbox 857 3525 887 3578; x_wconf 90' lang='lat' dir='ltr'>in</span> <span class='ocrx_word' id='word_1_355' title='bbox 905 3525 936 3578; x_wconf 81' lang='lat' dir='ltr'>in</span> <span class='ocrx_word' id='word_1_356' title='bbox 954 3539 1010 3578; x_wconf 82' lang='lat' dir='ltr'>raa.</span> <span class='ocrx_word' id='word_1_357' title='bbox 1023 3525 1086 3592; x_wconf 76' lang='lat' dir='ltr'>fort.</span> <span class='ocrx_word' id='word_1_358' title='bbox 1102 3522 1145 3578; x_wconf 80' lang='lat' dir='ltr'><strong><em>A&#39;</em></strong></span> 
     </span>
    </p>
   </div>
   <div class='ocr_carea' id='block_1_5' title="bbox 0 0 1227 3846">
    <p class='ocr_par' dir='ltr' id='par_1_7' title="bbox 0 0 1227 3846">
     <span class='ocr_line' id='line_1_40' title="bbox 0 0 1227 3846; baseline 0 0"><span class='ocrx_word' id='word_1_359' title='bbox 0 0 1227 3846; x_wconf 95' lang='lat' dir='ltr'> </span> 
     </span>
    </p>
   </div>
  </div>
 </body>
</html>
