2438 3846
120 126 185 194 114
322 125 352 178 L.
367 123 510 180 ANNAEI
528 122 693 180 SENECAE
711 123 807 180 DIAL.
821 123 889 182 LIB.
903 123 937 178 V.

83 271 148 337 oei
171 292 267 357 quem
291 268 374 354 odit,
395 292 462 335 non
484 269 594 335 noceri
616 271 695 336 vult.
744 269 828 336 nihil
850 273 898 336 est
921 269 1139 335 simultatibus

117 360 260 448 gravius:
296 360 355 424 has
384 358 433 423 ira
463 358 628 442 conciliat3
659 359 743 425 nihil
770 363 820 425 est
849 359 934 425 bello
964 358 1139 424 funestius:

117 451 153 516 in
181 451 244 516 hoc
273 448 454 533 potentium
483 448 532 512 ira
561 449 756 533 prorumpit,
787 452 928 514 ceterum
955 449 1053 518 etiam
1083 449 1140 513 illa

118 539 244 623 plebeia
272 539 321 603 ira
350 541 383 603 et
411 535 538 621 privata
565 537 686 602 inerme
718 541 750 603 et
777 537 845 603 sine
868 537 990 603 viribus
1017 538 1139 603 bellum

118 633 175 694 est.
220 631 384 713 praeterea
410 626 471 710 ira,
496 629 534 690 ut
556 647 762 709 seponamus,
787 647 868 710 quae
891 649 968 692 mox
990 631 1140 692 secutura
1172 647 1185 686 a

118 720 207 801 sunt,
243 715 372 800 damna,
414 715 560 799 insidias,
601 719 790 799 perpetuam
831 738 870 780 ex
912 715 1139 781 certaminibus

117 805 239 871 mutuis
262 804 527 888 sollicitudinem,
547 802 602 868 dat
619 825 739 887 poenas
759 805 836 869 dum
854 804 969 890 exigit3
990 809 1139 870 naturam

117 894 262 960 hominis
291 893 407 959 eiurat:
449 893 506 959 illa
544 892 579 957 in
613 915 755 958 amorem
791 893 954 977 hortatur,
989 893 1069 960 haec
1105 895 1140 959 in

84 983 242 1067 rodium3
273 983 330 1047 illa
356 982 507 1067 prodesse
529 982 631 1066 iubet,
658 983 738 1048 haec
760 1004 883 1048 nocere.
930 981 1020 1048 edice
1043 983 1139 1069 quod,

118 1094 192 1139 cum
222 1070 402 1158 indignatio
433 1070 501 1137 eius
529 1093 548 1136 a
574 1071 675 1136 nimio
708 1073 758 1137 sui
788 1076 940 1156 suspectu
970 1072 1078 1138 veniat
1108 1076 1140 1138 et
1160 1093 1188 1133 io

118 1161 263 1230 animosa
293 1159 451 1245 videatur,
481 1160 600 1244 pusilla
630 1164 679 1226 est
707 1164 740 1227 et
762 1165 913 1247 angusta3
935 1178 1031 1230 nemo
1055 1161 1140 1228 enim

118 1273 185 1316 non
208 1272 259 1333 eo,
283 1273 302 1314 a
326 1272 390 1334 quo
415 1272 448 1315 se
472 1253 695 1333 contemptum
717 1249 851 1334 iudicat,
875 1250 981 1315 minor
1004 1253 1061 1316 est.
1107 1254 1141 1316 at

55 1374 59 1379 -
119 1339 173 1405 ille
196 1339 310 1425 ingens
334 1340 459 1404 animus
478 1343 511 1404 et
529 1361 623 1404 verus
641 1339 828 1406 aestimator
846 1340 897 1405 sui
914 1362 981 1405 non
998 1339 1141 1405 vindicat

83 1428 282 1513 uiniuriam,
315 1429 391 1514 quia
422 1450 490 1493 non
513 1428 627 1494 sentit.
673 1432 711 1494 ut
739 1428 804 1495 tela
833 1452 852 1495 a
882 1428 962 1495 duro
992 1429 1141 1495 resiliunt

119 1522 152 1583 et
184 1539 256 1583 cum
288 1516 399 1583 dolore
432 1517 593 1584 caedentis
625 1518 729 1583 solida
760 1517 932 1602 feriuntur,
969 1518 1015 1583 ita
1050 1519 1141 1583 nulla
1160 1538 1187 1582 is

120 1629 272 1693 magnum
303 1607 446 1671 animum
477 1607 595 1671 iniuria
611 1606 663 1675 ,ad
687 1629 815 1673 sensum
838 1609 888 1673 sui
912 1606 1056 1690 adducit,
1078 1607 1140 1672 fra-

119 1696 216 1783 gilior
250 1717 287 1761 eo
321 1695 408 1780 quod
440 1697 529 1779 petit.
586 1699 707 1780 quanto
740 1697 906 1781 pulchrius
938 1697 1028 1762 velut
1058 1696 1141 1761 nulli

119 1785 350 1870 penetrabilem
383 1785 448 1851 telo
482 1785 587 1851 omnis
618 1785 753 1851 iniurias
786 1785 1062 1870 contumeliasque
1093 1807 1140 1850 re·

120 1875 248 1960 spueret
293 1874 375 1939 ultio
407 1874 527 1940 doloris
559 1873 718 1940 confessio
748 1878 811 1959 est3
837 1897 905 1941 non
932 1878 982 1941 est
1003 1896 1140 1960 magnus

119 1965 259 2046 animus,
290 1985 386 2047 quem
415 1965 564 2029 incurvat
592 1963 718 2028 iniuria.
764 1968 821 2029 aut
843 1964 1008 2049 potentior
1029 1967 1061 2028 te
1085 1969 1141 2029 aut
1161 1984 1188 2024 ro

119 2051 299 2118 inbecillior
329 2051 436 2117 laesit:
469 2052 497 2117 si
529 2051 722 2136 inbecillior,
752 2074 848 2137 parce
878 2053 942 2138 illi,
971 2054 1000 2118 si
1029 2055 1141 2138 poten·

120 2141 200 2225 tior,
223 2140 291 2207 tibi.

86 2246 100 2295 1
210 2227 264 2294 VI.
297 2227 434 2296 Nullum
456 2233 506 2295 est
528 2230 1003 2316 argumentum‘magnitudinis
1023 2229 1141 2295 certius

121 2340 217 2405 quam
235 2317 319 2384 nihil
337 2341 432 2403 posse
450 2341 514 2404 quo
534 2319 697 2406 instigeris
716 2319 866 2386 accidere.
901 2341 976 2405 pars
996 2319 1142 2404 superior

121 2408 232 2473 mundi
269 2411 301 2472 et
335 2407 513 2474 ordinatior
544 2431 582 2475 ac
613 2409 796 2493 propinqua
828 2410 984 2475 sideribus
1015 2429 1076 2473 nec
1107 2409 1143 2473 in
1161 2427 1188 2468 rs

120 2497 237 2563 nubem
259 2497 387 2582 cogitur
404 2519 464 2563 nec
482 2497 517 2561 in
534 2501 757 2583 tempestatem
776 2499 943 2582 inpellitur
960 2518 1020 2562 nec
1038 2519 1142 2563 versa-

120 2590 174 2652 tur
203 2587 238 2650 in
266 2585 441 2652 turbinem:
478 2587 567 2651 omni
597 2587 740 2651 tumultu
769 2590 869 2671 caret,
899 2585 1051 2652 inferiora
1080 2586 1142 2650 ful·

121 2675 292 2741 minantur.
328 2674 439 2741 eodem
453 2674 549 2741 modo
564 2675 711 2741 sublimis
725 2676 860 2760 animus,
875 2676 1002 2760 quietus
1018 2697 1142 2759 semper

122 2768 155 2828 et
183 2766 219 2828 in
248 2763 386 2831 statione
415 2764 592 2849 tranquilla
623 2765 823 2848 conlocatus,
855 2765 963 2831 omnia
992 2765 1077 2830 infra
1108 2784 1142 2829 se

121 2874 282 2938 premens,
312 2854 429 2938 quibus
458 2854 506 2919 ira
535 2853 750 2938 contrahitur,
772 2853 936 2921 modestus
959 2857 992 2920 et
1014 2873 1142 2918 venera·
1161 2872 1189 2912 eo

212 2990 227 3046 l
248 2997 312 3061 poet
335 2992 430 3047 noceri
453 2993 545 3048 littera
567 2993 664 3062 aliqua
686 3010 766 3048 erasa
784 3000 824 3048 est
841 2995 872 3048 in
890 2995 918 3049 A
942 2993 953 3064 ΙΙ
976 2991 994 3046 2
1018 2990 1142 3047 concitat

127 3064 243 3119 Wolters
266 3063 277 3135 ΙΙ
301 3061 319 3118 4
337 3062 397 3118 sine
414 3063 482 3118 viris
497 3065 616 3135 Bentley
632 3064 643 3136 Η
665 3063 701 3119 1⁰
719 3062 1066 3191 animisuspeotppeueniat
1080 3064 1142 3119 AL

120 3151 190 3190 corr.
204 3134 273 3206 oolp.
291 3133 302 3207 ΙΙ
323 3133 360 3190 24
381 3151 464 3205 posse
482 3152 537 3205 quo
557 3136 584 3190 L
602 3142 627 3191 et
644 3135 713 3207 colp.
734 3136 908 3209 possessaquo
971 3137 1043 3204 (port
1059 3151 1142 3204 posse

121 3222 175 3261 ccx
195 3206 291 3277 aliquae
308 3204 377 3273 fait,
394 3206 458 3274 sort.
473 3209 588 3276 paraus
605 3213 714 3276 notata,
732 3213 803 3264 certe
820 3208 895 3263 linea
907 3214 1064 3263 transversa
1078 3222 1142 3275 per-

121 3277 229 3345 forata,
254 3294 325 3347 quac
347 3279 430 3333 etiam
451 3285 603 3349 remearem
621 3296 639 3334 a
654 3279 861 3348 persuaseram
882 3284 978 3349 postea
1000 3278 1067 3333 baec
1089 3295 1143 3333 vox

123 3366 216 3416 erasa,
229 3349 276 3404 sed
289 3355 307 3404 a
320 3349 417 3406 relicta
430 3351 479 3419 est)
496 3349 500 3420 1
516 3348 644 3405 accidere
654 3351 682 3406 A
696 3349 726 3421 (d
735 3367 796 3420 exp
806 3353 886 3420 corr.)
900 3349 974 3406 ande
983 3350 1143 3421 Petscbeuip

96 3418 449 3550 stoiirrimewetuadieir
460 3421 625 3550 pppirperpll!
651 3420 688 3477 25
710 3421 830 3492 mundis!
854 3424 934 3493 (eras.
953 3421 1019 3489 fort.
1035 3423 1059 3490 s)
1081 3421 1109 3476 A
1133 3422 1143 3489 li
