2438 3846
120 171 171 226 nl)
186 168 356 225 HELVIAM
369 168 529 224 Mannum
543 167 593 223 Da
608 167 888 224 consumment
903 166 980 226 caP.
992 173 1026 225 19
1067 171 1133 239 369

106 318 201 404 virgo
218 319 382 401 nupserat,
400 315 436 381 in
453 315 525 399 ipsa
544 315 675 398 quidem
692 314 914 401 navigation03
926 278 1135 382 tulittamen

108 407 220 473 eodem
243 409 388 490 tempore
411 407 444 470 et
466 406 591 470 luctum
614 407 647 470 et
669 402 791 470 metu'm
814 404 992 489 evictisque
1014 408 1135 490 tempe

107 496 245 561 statibus
278 516 395 579 corpus
428 494 501 559 eius·
528 493 687 580 naufraga
718 494 833 560 evexit.
879 516 899 558 o
932 516 1030 578 quam
1053 495 1171 564 mul-o

106 589 213 650 tarum
241 585 371 670 egregia
399 605 498 669 opera
524 583 560 648 in
587 583 725 648 obscuro
753 583 873 648 iacenti
918 584 946 648 si
973 582 1050 649 huic
1077 584 1135 649 illa

76 672 247 759 asimplex
283 672 479 758 admirandis
515 673 692 738 virtutibus
724 672 916 759 contigisset
947 673 1134 757 antiquitas,

107 765 229 848 quanto
256 762 461 849 ingeniorum
484 762 659 828 certamine
682 761 897 828 salatratatus
918 783 1014 846 uxor,
1043 783 1136 846 quae,

107 852 209 919 oblita
236 851 474 934 inbecillitatis,
501 851 604 916 oblita
631 851 795 919 metuendi
818 851 916 916 etiam
938 851 1134 917 firmissimis

106 941 344 1117 letatii
358 962 411 1095 <12¹¹
411 961 483 1095 in
496 940 649 1096 bid
657 962 741 1098 dli
761 939 1071 1096 {limittit
1078 943 1135 1095 A

144 1096 147 1103 1
622 1079 631 1114 7

62 1139 89 1180 ιο
106 1120 254 1186 bilitatur
290 1119 488 1186 carminibus
526 1119 686 1203 omnium,
723 1139 806 1202 quae
838 1140 873 1185 se
904 1140 964 1203 pro
997 1118 1135 1205 coniuge

107 1209 261 1276 mennam
289 1208 390 1274 dedit:
417 1209 481 1274 hoc
509 1207 648 1293 amplius
677 1211 739 1294 cst,
767 1207 952 1280 discrimine
979 1208 1065 1273 vitae
1088 1229 1135 1274 sa

107 1299 257 1383 pulcrum
280 1299 350 1363 viro
375 1319 540 1382 quaerere;
564 1297 667 1363 maior
689 1301 739 1363 est
762 1318 865 1382 amor,
889 1298 946 1383 qui
963 1297 1035 1382 pari
1052 1297 1136 1382 peri-

107 1389 181 1454 culo
214 1388 322 1452 minus
354 1386 492 1453 redimit.
538 1390 615 1471 post
644 1385 709 1452 hoc
739 1408 836 1453 nemo
864 1388 1014 1472 miram,
1048 1386 1170 1471 quoda

107 1499 166 1562 per
189 1476 327 1543 sedecim
350 1497 467 1561 annos,
489 1475 608 1561 quibus
630 1473 819 1562 Aegyptum
837 1476 973 1542 maritus
991 1476 1060 1542 eius
1079 1497 1135 1561 op·

58 1585 88 1625 ,aa
106 1567 220 1650 tinuit,
249 1587 428 1650 numquam
455 1565 491 1630 in
520 1565 652 1650 publico
680 1568 854 1650 conspecta
881 1569 943 1651 est,
972 1565 1135 1631 neminem

106 1655 339 1740 provincialem
362 1655 495 1721 domum
518 1677 611 1720 suam
634 1654 777 1740 admisit,
800 1654 885 1721 nihil
907 1678 927 1721 a
949 1645 1019 1721 tiro
1043 1658 1135 1740 petit,

106 1744 191 1809 nihil
209 1766 238 1823 a
265 1766 299 1810 se
322 1743 390 1828 peti
411 1765 508 1828 passa
530 1746 587 1810 est.
633 1744 745 1829 itaque
761 1743 888 1829 loquax
910 1749 943 1811 et
965 1745 1001 1810 in
1023 1747 1135 1810 contu·

107 1833 220 1905 melias
242 1832 480 1918 praefectorum
503 1833 672 1920 ingeniosa
694 1835 875 1918 provincia,
898 1834 933 1922 in
956 1855 1020 1918 qua
1039 1833 1136 1899 ctiam

108 1925 165 2007 qui
187 1924 372 1989 vitaverunt
394 1922 524 2007 culpam
547 1945 616 1989 non
637 1923 820 2009 effugerunt
842 1923 1023 2007 infamiam,
1046 1923 1136 1988 velut

62 2031 89 2070 ao
107 2012 240 2079 unicum
273 2012 453 2079 sanctitatis
487 2013 672 2098 exemplum
704 2014 851 2097 suspexit
883 2015 929 2096 et,
966 2011 1054 2096 quod
1086 2011 1136 2076 illi
1184 2069 1196 2086 ,

108 2099 339 2167 difficillimum
370 2105 433 2186 est,
466 2102 519 2168 cui
551 2101 649 2167 etiam
680 2101 855 2187 periculosi
886 2102 970 2167 sales
996 2102 1135 2185 placent,

108 2211 238 2254 omnem
260 2191 434 2256 verborum
455 2191 622 2256 licentiam
644 2191 806 2256 continuit
828 2194 860 2260 at
877 2190 976 2256 hodie
995 2190 1135 2256 similem

108 2279 172 2362 illi,
195 2281 342 2362 quamvis
360 2300 539 2363 numquam
558 2283 679 2365 speret,
702 2301 829 2364 semper
847 2282 947 2364 optat.
993 2280 1135 2344 multum

108 2373 190 2452 erat,
213 2369 241 2433 si
263 2390 321 2451 per
344 2367 423 2435 XVI
441 2391 543 2435 annos
562 2369 652 2435 illam
671 2369 839 2454 provincia
856 2369 1038 2454 probasset:
1061 2368 1135 2452 plus

63 2476 89 2515 2⁵
108 2462 172 2541 est,
200 2458 286 2542 quod
315 2460 484 2543 ignoravit.
527 2460 611 2545 ¹hacc
633 2480 701 2524 non
723 2459 796 2525 ideo
819 2459 938 2543 refero,
964 2461 1002 2523 ut
1023 2457 1170 2528 laudosa

108 2546 176 2612 eius
201 2570 354 2632 exequar,
377 2569 457 2630 quas
481 2548 744 2615 circumscribere
767 2552 816 2615 est
833 2551 901 2614 tam
919 2569 1015 2633 parce
1032 2551 1135 2613 trans-

108 2657 250 2720 currere,
277 2636 332 2702 sed
359 2641 397 2700 ut
424 2637 594 2723 intellegas
622 2639 733 2724 magni
756 2639 856 2703 animi
879 2657 948 2703 esse
970 2636 1135 2720 feminam,

109 2745 207 2808 quam
228 2748 297 2791 non
319 2726 468 2810 ambitio,
491 2749 558 2791 non
576 2725 724 2811 avaritia,
747 2727 881 2793 comites
900 2726 1005 2791 omnis
1023 2729 1136 2811 poten·

108 2815 173 2879 tiae
202 2818 234 2880 et
261 2819 381 2900 pestes,
415 2815 576 2899 vicerunt,
608 2836 675 2881 non
702 2820 812 2884 metus
838 2815 953 2882 mortis
985 2816 1050 2881 iam
1083 2838 1135 2881 ex-

63 2923 91 2963 eo
109 2907 232 2968 armata
244 2926 325 2970 nava
340 2905 546 2992 naufragium
563 2926 658 2970 suum
671 2909 871 2992 spectantem
886 2906 1049 2990 deterruit,
1070 2925 1134 2988 quo

109 2994 216 3058 minus
248 2993 388 3058 exanimi
416 2995 486 3060 viro
514 2994 649 3060 haerens
676 3016 745 3061 non
772 2999 952 3080 quaereret,
984 2992 1134 3080 quemad-

198 3185 357 3240 2mectnm
371 3186 413 3242 A¹
432 3194 559 3256 cpoetea
577 3188 666 3244 &leto
687 3188 698 3260 ΙΙ
719 3186 894 3261 dnaufragq
912 3188 991 3242 uexit
1004 3186 1046 3242 A¹
1064 3201 1134 3242 nau·
1165 3175 1171 3185 ‘

109 3254 191 3325 fraga
208 3257 287 3312 nexit
301 3258 343 3312 Α6
361 3257 370 3330 ΙΙ
388 3257 406 3312 8
425 3263 478 3328 cap
493 3260 521 3313 A
542 3259 553 3332 l·
564 3267 628 3330 poet
646 3259 792 3329 sepultura
808 3259 890 3315 Gesta
907 3259 961 3314 viri
979 3259 1060 3325 acd.;
1078 3275 1135 3315 noa

105 3334 175 3396 pato
200 3331 383 3385 neceesarium
404 3329 418 3454 ql
441 3329 475 3384 17
500 3329 605 3399 loquax
624 3332 652 3387 A
678 3335 706 3399 (x
724 3348 791 3386 corr.
811 3348 845 3386 cx
863 3349 878 3385 r
895 3333 937 3386 oet
955 3348 968 3384 s
987 3329 1038 3398 Ass)
1063 3330 1066 3402 l
1091 3331 1134 3385 in-
1208 3342 1211 3347 ’

109 3400 326 3456 contumeliosas
351 3403 541 3470 praectarum
564 3403 592 3458 A
616 3419 686 3458 corr.
707 3402 776 3472 vaip.
801 3401 812 3473 Η
836 3401 871 3456 21
894 3401 1046 3471 periculosi
1065 3403 1107 3458 A⁵
1125 3403 1135 3474 ll

108 3469 144 3524 29
176 3472 234 3524 iam
266 3473 386 3543 Madoip
422 3487 485 3527 eam
518 3473 546 3528 A
581 3472 592 3545 ΙΙ
627 3473 661 3527 31
695 3474 857 3543 quaereret,
889 3490 946 3528 non
977 3477 1135 3542 transponit

108 3543 265 3598 Pincianus

157 3649 275 3696 Sanam
287 3659 373 3696 orm
388 3655 406 3695 Ι.
418 3656 438 3697 1.
449 3655 485 3698 ad.
496 3656 632 3699 Harmas.
914 3651 957 3696 Ἃ
