2438 3846
144 187 195 243 11)
210 184 1042 252 11111111111111111111111111111111.11
1085 172 1175 257 269'

126 333 293 418 proposito
321 335 480 419 vagantur
503 335 690 416 quaerentes
713 333 846 419 negotia
867 355 927 399 neo
951 354 1032 417 quae
1056 335 1152 400 desti-

125 425 283 488 naverunt
304 425 418 508 agunt,
441 420 549 488 sedin
569 441 651 506 quae
669 422 927 507 incucurrerunt3
949 423 1151 490 inconsultus

126 512 192 578 illis
215 531 380 596 vanusque
411 531 523 577 cursus
551 514 614 595 est,
644 511 749 596 qualis
771 511 917 577 formicis
940 534 999 598 per
1021 513 1153 579 arbusta

125 601 326 687 repentibus,
345 622 428 685 quae
445 601 481 666 in
499 622 661 666 summum
680 622 835 667 cacumen
853 605 886 666 11
904 601 979 667 inde
997 601 1032 666 in
1050 602 1152 668 imum

92 691 236 756 11111111
272 695 425 777 agimtur:
460 690 512 755 his
546 690 693 776 plerique
730 690 869 757 similem
905 692 1007 757 vitam
1042 695 1153 777 agunt,

127 801 266 864 quorum
291 801 359 846 non
382 780 532 845 inmerito
557 780 629 864 quis
652 780 830 864 inquietam
854 781 1003 846 inertiam
1027 780 1152 846 dixerit.

126 868 327 954 quorundam
352 869 444 952 quasi
462 868 503 934 ad
520 869 705 956 incendium
724 870 921 935 currentium
939 869 1152 936 misereberis:
1170 888 1188 936 4

125 980 227 1043 usque
258 979 296 1024 eo
323 959 485 1044 inpellunt
509 959 622 1025 obvios
646 962 680 1024 11
703 979 736 1024 11
759 959 905 1043 aliosque
927 959 1152 1045 praecipitant,

126 1070 200 1114 oum
229 1048 359 1113 interim
389 1052 599 1114 cucurrerunt
628 1052 685 1114 aut
715 1049 886 1115 salutaturi
915 1050 1056 1133 aliquem
1085 1070 1153 1115 nou

80 1158 108 1198 rc
125 1139 375 1204 resalutaturum
400 1142 456 1202 aut
474 1138 571 1204 funus
590 1138 695 1224 ignoti
713 1137 855 1204 hominis
875 1139 1078 1224 prosecuturi
1096 1142 1153 1204 aut

126 1226 221 1314 <ad>
243 1227 400 1293 iudicium
423 1243 517 1313 saepe
541 1227 701 1314 litigantis
728 1229 784 1292 aut
807 1228 848 1292 ad
870 1228 1034 1312 sponsalia
1057 1249 1152 1312 saepe

125 1316 275 1384 nubentis
303 1319 336 1382 et
362 1317 511 1383 lecticam
539 1317 695 1383 adsectati
724 1315 917 1401 quibusdam
944 1317 1025 1384 locis
1054 1318 1152 1383 etiam

49 1424 52 1429 ⁴
126 1406 282 1490 tulerunt;
306 1406 381 1471 dein
404 1407 536 1472 domum
559 1429 634 1473 cum
658 1428 858 1493 supervacua
874 1406 1044 1473 redeuntes
1061 1408 1153 1473 lassi-

125 1495 237 1560 tudine
269 1496 378 1561 iurant
413 1497 536 1563 nescire
568 1518 602 1562 se
638 1496 743 1582 ipsos,
779 1518 877 1581 quare
911 1497 1059 1582 exierint,
1095 1495 1153 1561 ubi

81 1605 107 1646 11
122 1583 259 1669 ¹fuerint,
288 1588 420 1671 postero
449 1586 500 1652 die
531 1587 667 1651 erraturi
697 1608 755 1671 per
785 1584 896 1651 eadem
926 1586 984 1651 illa
1006 1586 1152 1672 vestigia

126 1675 231 1740 omnis
261 1675 371 1758 itaque
397 1675 490 1741 labor
517 1675 626 1760 aliquo
654 1676 824 1760 referatur,
854 1675 964 1759 aliquo
987 1675 1188 1761 respiciatlo

124 1785 193 1829 non
214 1764 375 1829 industria
397 1766 574 1850 inquietos,
596 1769 645 1831 set
667 1767 798 1831 insanos
821 1764 922 1831 falsae
943 1786 1052 1829 rerum
1075 1765 1154 1829 ima·

125 1853 217 1940 gines
254 1854 392 1940 agitant3
428 1876 503 1919 nam
534 1877 575 1920 no
607 1855 657 1920 illi
689 1855 820 1939 quidem
853 1855 922 1920 sine
954 1855 1064 1938 aliqua
1096 1876 1152 1938 spe

125 1945 309 2008 moventur:
347 1945 485 2027 proritat
521 1945 596 2010 illos
634 1944 770 2011 alicuius
807 1945 855 2011 rei
887 1945 1024 2029 species,
1060 1944 1152 2009 ouius

80 2052 108 2094 eo
125 2033 302 2098 vanitatem
316 2037 410 2117 capta
425 2056 515 2100 mens
530 2056 598 2099 non
612 2034 768 2121 coarguit.
797 2034 911 2100 eodem
924 2032 1021 2099 modo
1037 2033 1153 2098 unum-
1171 2049 1188 2098 o

127 2143 286 2206 quemque
321 2145 360 2187 ex
389 2121 456 2208 his,
492 2125 548 2208 qui
577 2125 619 2190 ad
653 2125 834 2210 augendam
864 2124 994 2189 turbam
1025 2127 1152 2206 exeunt,

124 2211 236 2276 inanes
260 2215 292 2277 et
314 2211 401 2277 leves
425 2234 540 2279 causae
562 2236 620 2298 per
642 2213 755 2278 urbem
775 2213 1033 2297 circumducunt,
1055 2211 1152 2277 nihil-

126 2321 188 2386 que
214 2300 402 2386 habeutem,
431 2303 467 2367 in
490 2304 577 2388 quod
599 2303 738 2388 laboret,
766 2303 825 2368 lux
848 2306 920 2368 orta
943 2301 1089 2387 expellit,
1120 2304 1153 2366 et

125 2412 199 2457 cum
220 2390 396 2456 multorum
416 2391 537 2458 frustra
553 2392 720 2458 liminibus
739 2392 853 2462 inlisus
871 2391 1151 2458 nomenculatores

80 2499 107 2541 ro
125 2480 351 2565 persalutavit‚
379 2504 399 2546 a
429 2483 539 2547 multis
569 2483 717 2547 exclusus
747 2481 909 2547 neminem
938 2503 979 2547 ex
1001 2480 1151 2546 omnibus

125 2569 291 2636 difficilius
324 2570 413 2636 domi
445 2593 542 2655 quam
572 2592 606 2637 se
634 2572 793 2638 convenit.
840 2593 880 2636 ex
902 2570 966 2636 hoc
989 2571 1075 2635 malo
1099 2569 1187 2635 deu

124 2658 244 2745 pendet
266 2659 349 2725 illud
372 2663 593 2726 taeterrimum
616 2661 746 2747 uitium,
773 2661 968 2727 auscultatio
991 2663 1024 2725 et
1046 2659 1152 2744 publi·

125 2770 238 2815 corum
270 2753 528 2836 secretorumque
563 2751 730 2836 inquisitio
766 2755 799 2816 et
834 2750 1011 2816 multarum
1042 2749 1151 2814 rerum

126 2838 273 2923 scientia,
304 2859 385 2922 quae
414 2863 474 2906 nec
496 2844 568 2907 tuto
591 2845 763 2907 narrantur
789 2862 849 2906 neo
871 2843 944 2905 tuto
968 2839 1150 2904 audiuntur.

216 2997 232 3052 1
252 3016 304 3054 neo
323 3015 396 3070 quoe
413 3000 482 3071 oolp.
501 2999 578 3072 nelq3
593 3001 621 3055 A
639 3016 730 3068 neque
749 3014 823 3068 qnae
836 2996 1016 3070 Feldoaunol
1040 2996 1152 3051 tiner-

125 3067 199 3122 tiam
216 3071 285 3142 11111.
305 3072 437 3126 ineritam
451 3070 494 3127 A¹
510 3071 671 3125 inmeritam
686 3069 729 3125 A’
746 3077 797 3126 out
814 3088 849 3125 m.
867 3069 1001 3124 recentior
1029 3067 1033 3140 1
1057 3068 1092 3123 11
1114 3067 1152 3122 ad

126 3139 191 3195 cdd.
211 3154 229 3195 1
251 3142 261 3214 {t
285 3141 321 3196 la
340 3142 406 3196 dein
420 3143 448 3197 A
467 3141 569 3195 deiude
587 3143 656 3212 oolq.
675 3143 737 3212 (cfr.
756 3158 796 3210 ep.
816 3144 911 3207 11154
933 3141 983 3195 obi
1003 3139 1071 3193 dein
1087 3141 1152 3195 reti-

125 3211 248 3266 modom
266 3219 325 3267 erut
343 3229 378 3266 ex
395 3213 466 3280 BA)
488 3213 491 3282 Ι
512 3211 656 3266 redeuntis
675 3215 702 3267 A
726 3229 794 3268 corr.
812 3212 882 3282 colo.
905 3211 915 3284 11
940 3210 977 3265 14
994 3211 1103 3266 nescim
1122 3226 1152 3264 11

126 3281 204 3350 ipsos
222 3283 369 3338 Natalem
387 3300 432 3352 ap.
447 3283 625 3354 Mudoipium
648 3284 797 3338 nescis‘se
818 3299 848 3337 se
866 3284 943 3352 ipsos
958 3283 986 3337 A
1007 3282 1011 3353 Ι
1032 3281 1153 3336 11111111

127 3368 162 3407 aa
175 3351 301 3408 exierant
313 3370 382 3410 corr.
397 3353 458 3425 A'l
478 3353 529 3407 ubi
546 3355 579 3408 io
595 3371 651 3410 roa.
667 3354 710 3410 A¹
718 3357 751 3425 (1)
770 3353 780 3427 11
798 3354 832 3409 17
848 3353 998 3408 &insanos
1012 3354 1040 3408 A
1058 3355 1102 3407 eet
1118 3354 1153 3407 ut

126 3422 242 3478 insanos
264 3424 347 3481 Gertz
368 3424 498 3493 inquieta
521 3427 566 3480 sit.
599 3425 714 3481 insanos
733 3426 894 3497 Petschenip
916 3440 992 3480 nunc
1009 3423 1152 3479 industria

126 3494 282 3564 inquietor,
307 3500 341 3552 ut
364 3496 480 3552 insanos
502 3497 639 3554 Schultess
663 3498 676 3572 11
698 3497 734 3554 20
755 3496 891 3552 uanitate
914 3499 944 3551 A
965 3513 1043 3549 carr-
1057 3494 1182 3554 ostatu-XX

126 3564 164 3620 21
182 3566 324 3636 dependet
340 3570 409 3642 oolp.
430 3568 591 3642 deprendet
607 3573 637 3627 A
