2438 3846
111 229 178 296 312
298 226 329 281 L.
349 225 493 281 ANNAEI
511 223 676 282 SENECAE
695 225 790 281 DIAL.
805 225 873 280 LIB.
887 225 934 281 XI.

112 371 320 457 potentisque
343 373 546 460 arrogantiae
569 375 632 456 est,
655 374 692 436 ut
714 372 750 436 in
771 372 833 437 hac
850 375 984 436 naturae
1002 371 1139 437 necessi·

113 463 180 527 tate
210 462 320 527 omnia
347 462 387 527 ad
415 462 553 528 eundem
579 461 678 526 finem
706 461 887 527 revocantis
915 483 950 526 se
975 483 1079 526 unum
1102 481 1140 526 ac

113 572 190 617 suos
218 551 331 636 seponi
358 552 438 617 velit
464 552 641 636 ruinaeque
668 551 766 616 etiam
793 551 857 635 ipsi
884 550 1006 616 mundo
1034 551 1140 616 immi·

77 641 204 706 snenti
226 641 371 726 aliquam
394 641 526 707 domum
550 639 742 707 subtrahat?
786 640 964 705 maximum
988 661 1066 726 ergo
1090 661 1141 706 so·

112 730 232 817 lucium
256 733 306 795 est
329 730 472 816 cogitare
495 730 528 795 id
552 730 615 796 sibi
637 728 805 814 accidisse,
829 729 916 813 quod
935 750 1047 794 omnes
1066 732 1140 794 ante
1173 748 1186 791 s

114 840 148 885 ss
175 820 263 905 passi
291 823 368 885 sunt
391 841 566 904 omnesque
589 819 730 905 passuri3
757 821 790 883 et
812 818 885 884 ideo
909 819 990 883 mihi
1012 817 1142 884 ridetur

113 931 222 974 rerum
253 913 383 994 natura,
420 907 507 994 quod
539 909 767 995 gravissimum
799 908 932 991 fecerat,
969 929 1141 974 commune

77 1078 80 1086 Ι
113 998 243 1083 fecisse,
264 1002 302 1064 ut
326 998 549 1064 crudelitatem
572 994 633 1063 fati
655 997 878 1064 consolaretur
900 997 1086 1081 aequalitas.

79 1120 93 1171 1
202 1103 243 1171 ΙΙ.
280 1104 367 1171 Illud
396 1127 525 1190 quoque
552 1109 585 1169 te
614 1127 681 1171 non
709 1105 880 1170 minimum
908 1104 1082 1189 adiuverit,
1114 1106 1143 1169 si

114 1194 307 1281 cogitaveris
339 1192 425 1261 nihil
456 1194 663 1278 profuturum
696 1194 840 1259 dolorem
870 1198 964 1260 tuum
993 1215 1053 1259 nec
1084 1194 1143 1278 illi,
1162 1215 1187 1256 ro

114 1279 211 1368 quem
240 1282 415 1367 desideras,
451 1305 511 1350 nec
542 1283 618 1368 tibi3
654 1284 745 1348 noles
779 1284 865 1349 enim
896 1283 1033 1369 longum
1064 1304 1145 1368 esse,

114 1372 202 1458 quod
231 1373 360 1438 irritum
390 1365 446 1438 est.
492 1395 569 1439 nam
600 1373 628 1438 si
656 1373 830 1457 quicquam
857 1372 991 1438 tristitia
1018 1372 1144 1457 profec-

113 1462 180 1528 turi
203 1483 329 1545 sumus,
356 1484 425 1527 non
446 1483 560 1529 recuso
584 1462 740 1546 quicquid
762 1462 969 1527 lacrimarum
992 1461 1144 1527 fortunae

114 1573 203 1617 meae
227 1551 388 1637 superfuit
414 1555 490 1618 tuae
517 1550 666 1637 fundere,
693 1551 858 1617 inveniam
881 1552 1067 1617 etiamnunc
1086 1573 1145 1637 per

113 1639 174 1708 hos
199 1640 373 1706 exhaustos
397 1641 463 1706 iam
487 1641 616 1707 fletibus
640 1640 827 1707 domesticis
852 1642 968 1731 oculos·
988 1640 1076 1725 quod
1099 1640 1145 1705 ef·
1164 1660 1188 1703 rs

78 1729 209 1814 afluat,
232 1730 261 1797 si
283 1729 381 1796 modo
405 1730 439 1795 id
462 1731 523 1796 tibi
541 1729 688 1796 futurum
707 1731 794 1795 bono
814 1734 871 1796 est.
918 1729 997 1814 quid
1016 1728 1146 1796 cessas?

115 1837 366 1904 conqueramur,
396 1823 494 1904 atque
524 1820 604 1886 adeo
632 1821 703 1905 ipse
730 1820 815 1886 hanc
841 1820 935 1886 litem
963 1841 1069 1885 msam
1097 1819 1145 1885 fa·

115 1909 212 1975 ciam:
237 1909 456 1995 ‘iniquissima
475 1910 620 1975 omnium
639 1909 760 1975 iudicio
779 1909 919 1994 fortuna,
938 1909 1044 1975 adhue
1057 1907 1145 1974 vide·

115 1998 202 2064 baris
225 2000 300 2065 sirau
323 2021 396 2065 eum
419 1997 587 2065 hominem
610 1999 823 2081 continuisse,
851 1999 907 2084 qui
930 2020 1063 2065 munere
1080 2002 1145 2064 tuo

115 2091 240 2153 tantam
276 2088 517 2154 venerationem
553 2091 732 2174 receperat,
769 2092 820 2173 ut,
857 2088 945 2173 quod
978 2109 1051 2154 raro
1084 2087 1146 2153 ulli
1164 2108 1190 2150 so

116 2177 268 2264 contigit,
301 2177 440 2244 felicitas
474 2178 542 2243 eius
576 2178 733 2264 effugeret
765 2178 935 2245 insidiam:
968 2199 1041 2244 ecce
1069 2199 1145 2244 cum

116 2265 261 2333 dolorem
292 2267 356 2351 illi,
386 2288 483 2351 quem
511 2267 601 2333 salvo
630 2267 764 2335 Caesare
793 2268 939 2353 accipere
966 2261 1145 2350 maximum

115 2359 257 2441 poterat,
287 2355 496 2441 impressisti,
524 2360 558 2422 et
587 2379 661 2423 cum
689 2357 771 2422 bene
799 2357 894 2422 illum
916 2357 1061 2442 undique
1085 2357 1146 2423 cir·

115 2445 246 2529 cuisses,
264 2445 454 2513 intellexisti
471 2445 533 2513 hac
551 2449 643 2532 parte
661 2447 886 2513 tantummodo
901 2449 1011 2532 patere
1026 2446 1145 2513 ictibus

205 2673 224 2729 8
243 2674 342 2744 seponi
361 2674 385 2731 0
408 2675 509 2744 reponi
522 2675 553 2731 F
573 2674 584 2748 tt
608 2674 626 2729 5
644 2675 735 2730 omnis
757 2674 778 2744 (i
795 2676 828 2730 irs
845 2676 913 2745 ros.)
932 2677 1000 2730 aute
1018 2691 1049 2730 se
1067 2675 1147 2744 passi

117 2746 183 2800 sunt
197 2761 350 2815 omnesque
363 2747 477 2814 passuri
490 2747 533 2814 B,
550 2748 616 2802 item
630 2747 708 2814 DE,
726 2747 784 2802 erist
797 2747 871 2817 qood
881 2747 964 2816 prius
977 2761 1079 2801 'omnes
1093 2763 1146 2802 om.

116 2832 213 2872 omnes
232 2818 299 2872 aute
318 2816 396 2886 passi
416 2818 482 2871 sunt
495 2833 653 2887 omnesque
671 2816 784 2888 passuri
797 2819 829 2873 F
848 2819 916 2873 aute
934 2833 965 2878 se
982 2817 1061 2888 passi
1080 2819 1148 2873 sunt

115 2903 213 2944 omnes
236 2887 349 2959 passuri
369 2889 406 2943 H
426 2903 523 2944 omnes
547 2890 614 2944 ante
639 2888 718 2957 passi
743 2891 809 2943 sunt
833 2904 986 2958 omnesque
1009 2891 1146 2958 <post>

116 2957 229 3029 passuri
245 2959 327 3016 Gertz
344 2959 355 3032 {t
374 2959 389 3013 l
408 2957 517 3015 fecerat
537 2960 561 3016 O
583 2958 653 3016 iecit
666 2960 714 3016 Ε1
731 2958 840 3015 faceret
855 2960 937 3017 Gertz
953 2959 964 3032 Η
982 2959 1019 3015 10
1036 2975 1089 3014 nec
1102 2958 1148 3014 illi

115 3031 160 3086 ool
180 3073 185 3086 .
205 3047 258 3085 nec
276 3029 320 3085 illi
358 3029 454 3086 uidem
476 3030 499 3086 0
521 3031 596 3098 (item
617 3030 643 3086 θ
660 3032 709 3087 scd
726 3047 777 3086 om.
816 3033 892 3102 uem)
914 3029 925 3104 ΙΙ
947 3030 984 3086 14
1001 3029 1147 3086 effundere

116 3047 197 3157 malit
212 3047 411 3226 mitelli
425 3100 500 3157 bono
514 3103 580 3158 BF
593 3101 738 3159 bonumO
782 3049 818 3157 1l
836 3103 901 3161 sinu
919 3118 984 3157 eum
1002 3101 1148 3178 hominem

117 3172 291 3227 continuisse
310 3173 346 3228 Jo
366 3173 490 3228 ,Μϋῑῑεν
507 3180 534 3228 et
551 3189 598 3243 epo
617 3174 687 3243 (coll.
703 3174 734 3228 d'
765 3215 771 3227 .
787 3173 814 3228 V
827 3178 873 3241 23,
883 3179 916 3240 6;
932 3177 1005 3240 25,4
1010 3193 1022 3241 ,·
1042 3173 1149 3228 Tuom

116 3244 138 3299 1
154 3248 180 3312 1,
190 3245 236 3311 46)
255 3259 321 3298 eum
337 3243 481 3298 hominem
502 3245 674 3299 continuisse
691 3244 715 3300 Ο
729 3243 765 3298 ab
785 3244 825 3315 (iu
840 3243 970 3316 Mortuis)
985 3259 1019 3298 ec
1031 3243 1148 3299 homine

116 3316 147 3370 te
167 3314 339 3370 continuisse
356 3315 425 3386 culp.
445 3332 510 3371 eum
528 3315 672 3372 hominem
689 3315 811 3371 coluisse
826 3315 910 3373 Gertz
923 3331 989 3370 eum
1002 3314 1148 3371 hominem

118 3386 252 3442 continuo
278 3385 424 3453 (continua
449 3387 597 3458 Schultess)
622 3386 727 3444 iuvisse
741 3388 902 3458 Petschenig
927 3401 960 3442 eo
983 3386 1015 3442 in
1032 3386 1148 3443 homine

111 3458 255 3516 cenis-isse
273 3459 353 3516 Ellis
378 3475 412 3514 eo
437 3459 468 3516 in
492 3460 607 3516 homine
632 3462 662 3516 te
688 3459 861 3517 continuisse
884 3459 984 3532 Stoapl
1001 3456 1080 3588 ῳ)
1093 3476 1148 3531 pro

91 3532 255 3596 receperat
271 3531 419 3592 Schultess
443 3535 616 3609 perceperat
640 3548 719 3607 prop.
735 3533 750 3608 tt
770 3532 808 3588 21
825 3531 947 3602 contigit
965 3531 996 3588 D
1036 3531 1063 3588 G
1082 3548 1147 3588 con·

87 3594 179 3667 ‘'irgit
190 3602 339 3663 BHVE
