2438 3846
235 615 237 620 ’
368 663 888 746 n.auuan1snuecaa

206 842 683 943 DIALOGORVM
715 842 934 943 LIBER
963 844 1050 942 VI.

526 1017 569 1058 An
583 1015 731 1060 mucuns

450 1141 499 1196 DE
519 1140 805 1198 CONSOLATIONE.

205 1410 228 1477 I.
265 1410 339 1477 Nisi
363 1416 407 1496 te,
430 1411 567 1496 Mareia,
589 1413 704 1478 scirem
727 1417 794 1477 tem
816 1412 914 1498 longe
939 1412 979 1478 ab
1008 1412 1140 1480 infirmi·
1161 1429 1175 1478 1

115 1505 181 1567 tate
205 1502 369 1567 muliebris
393 1502 492 1567 animi
516 1524 613 1586 quam
637 1524 656 1566 a
679 1501 792 1567 ueteris
816 1500 903 1566 vitiis
922 1501 1090 1569 recessisse
1109 1508 1142 1569 et

115 1612 220 1656 mores
250 1594 324 1656 tuos
354 1593 442 1656 velut
472 1591 604 1676 aliquod
635 1591 803 1675 antiquum
834 1592 998 1676 exemplar
1030 1593 1140 1678 aspici,

103 1701 180 1745 .n0n
210 1680 360 1746 auderem
391 1680 519 1746 obviam
549 1681 595 1746 ire
624 1680 729 1746 dolori
751 1685 823 1763 tuo,
850 1681 902 1745 eui
925 1680 988 1744 viri
1011 1702 1140 1766 quoque

83 1770 251 1838 elibenter
281 1770 415 1836 haerent
447 1774 479 1836 et
511 1769 680 1853 incubant,
710 1791 770 1835 neo
800 1791 891 1855 spem
921 1771 1140 1856 concepissem

114 1862 181 1924 tam
204 1860 316 1944 iniquo
340 1863 497 1945 tempore,
519 1864 586 1924 tam
605 1859 737 1925 inimico
757 1859 876 1942 iudioe,
893 1862 960 1925 tam
979 1859 1139 1927 invidioso

114 1947 247 2013 erimine
266 1969 361 2034 posse
380 1971 431 2014 me
449 1949 589 2033 efficere,
608 1952 646 2013 ut
663 1949 827 2014 fortunam
845 1952 935 2013 tuam
949 1948 1139 2016 absolveres.

113 2037 266 2103 fiduciam
295 2037 376 2103 mihi
405 2038 494 2104 dedit
522 2039 725 2123 exploratum
756 2038 820 2102 iam
849 2037 949 2103 robur
978 2038 1078 2104 animi
1108 2044 1141 2105 et

114 2148 232 2213 magno
269 2128 488 2212 experimento
526 2127 704 2213 adprobata
735 2128 837 2193 virtus
869 2130 934 2192 tua.
988 2148 1056 2193 non
1091 2133 1174 2194 esta

69 2245 95 2286 ιο
114 2216 276 2302 ignotum,
314 2217 441 2302 qualem
474 2221 505 2282 te
538 2218 572 2282 in
604 2238 743 2303 persona
774 2215 876 2302 patris
908 2215 958 2281 tui
993 2218 1139 2304 gesseris,

114 2326 210 2389 quem
241 2327 309 2371 non
340 2306 446 2373 minus
480 2327 576 2390 quem
605 2306 724 2372 liberos
754 2306 910 2389 dilexisti,
937 2310 1072 2392 excepto
1100 2329 1138 2374 eo

114 2395 201 2478 quod
219 2416 287 2460 non
305 2396 440 2480 optabas
459 2395 677 2480 superstitem3
695 2415 755 2460 neu
773 2395 840 2461 suio
859 2418 901 2462 an
918 2399 950 2460 et
964 2396 1139 2481 optaveris:

113 2484 273 2568 permittit
303 2484 389 2549 enim
422 2485 484 2550 sibi
516 2484 673 2570 quaedam
707 2488 821 2552 contra
857 2484 980 2551 bonum
1016 2506 1136 2551 morem

113 2594 231 2659 magna
256 2573 368 2658 pietas.
415 2578 552 2640 mortem
574 2573 614 2639 A.
629 2571 772 2639 Cremuti
796 2572 893 2639 cordi
920 2574 1062 2659 parentis
1090 2575 1138 2641 tui

67 2665 269 2744 1squantum
306 2667 434 2747 poteras
471 2663 655 2748 inhibuisti3
691 2665 864 2748 postquam
895 2663 955 2729 tibi
987 2665 1139 2748 apparuit

112 2751 196 2816 inter
218 2748 406 2818 Seianianos
431 2751 584 2818 satellites
607 2753 698 2819 illam
720 2774 818 2817 unam
841 2755 950 2838 patere
974 2753 1137 2820 servitutis

111 2839 237 2926 fugam,
267 2862 335 2906 non
365 2841 476 2908 favisti
508 2842 644 2908 oonsilio
678 2841 759 2925 eins,
792 2841 847 2907 sed
878 2839 994 2907 dedisti
1023 2863 1138 2908 manns

111 2928 197 2994 vieta
225 2929 402 3016 fudistique
431 2931 581 2997 lacrimas
610 2929 719 3016 palam
749 2935 782 2996 et
809 2931 948 3018 gemitus
976 2929 1138 2998 devorasti

201 3086 239 3142 ln
250 3087 301 3143 hoc
314 3087 386 3144 latro
398 3093 511 3158 praeto
524 3088 552 3144 A
571 3086 673 3144 adua
685 3089 855 3158 emnam
869 3104 884 3143 a
899 3086 992 3144 Gertsi
1005 3103 1136 3145 comma·

109 3157 183 3214 lario
200 3159 296 3214 aruino
314 3159 441 3216 tectim
458 3159 630 3231 quoqaeade
665 3161 671 3173 ‘
702 3159 1138 3217 ieods'eisFi.e.Laureats'oni

105 3229 177 3300 plut.
194 3233 239 3298 76,
252 3234 299 3297 41,
315 3247 385 3288 suae.
400 3231 469 3300 XV,
485 3248 557 3302 quas
573 3233 648 3288 ties
676 3233 682 3245 '
713 3234 758 3289 aar
775 3231 871 3289 mus
889 3231 992 3288 attulit.

198 3335 613 3412 tinimioo(minrna)dll
634 3338 957 3409 ltlinpeuonseditl.
1028 3336 1103 3395 ’.ἰ

107 3422 257 3495 mom
276 3409 304 3465 Α
328 3409 340 3513 ss
363 3409 400 3466 18
422 3409 588 3495 Seianianos
611 3410 753 3496 Amioola
767 3409 938 3496 alleluia-nou
954 3416 994 3466 aa
1030 3412 1036 3425 ⁶
1068 3447 1077 3461 .
1096 3445 1100 3459 .

107 3479 284 3554 ullslmanos
297 3481 325 3537 A
358 3481 365 3556 l
384 3483 531 3540 wmtntu
546 3483 662 3543 Lectm
681 3484 825 3542 semum
841 3483 871 3538 A
