2438 3846
315 169 365 224 AD
385 166 562 224 SERENVM
580 170 628 224 DE
648 169 733 226 OTIO
754 169 870 226 CARI.
887 176 902 224 t
1057 171 1122 238 233

98 317 295 403 prendimus,
308 314 410 401 petita
422 315 645 400 relinquimus,
660 315 772 382 relicta
784 315 968 400 repetimus,
982 316 1123 381 alternae
1141 331 1157 380 3

98 408 182 472 inter
210 405 420 490 cupiditatem
447 408 593 470 nostram
616 410 649 471 et
670 404 900 489 paenitentiam
924 404 1009 470 vices
1034 408 1122 487 sunt3

98 496 275 582 pendemus
303 495 389 560 enim
415 495 479 560 toti
501 516 542 559 ex
564 492 676 558 alienis
699 494 827 560 iudiciis
851 498 884 558 et
905 494 940 559 id
963 494 1122 580 optimum

98 586 192 652 nobis
227 585 370 669 videtur,
403 584 490 669 quod
527 583 681 667 petitores
717 584 965 667 laudatoresque
1002 585 1122 649 multos

66 675 210 758 thabat,
181 678 303 739 tnon
325 674 359 738 id
383 673 471 758 quod
492 672 690 737 laudandum
713 672 1036 757 petendumque,
974 676 1022 738 est
1062 694 1123 739 neo

97 765 184 829 viam
211 764 329 829 bonam
358 784 396 829 ac
423 762 541 827 malam
563 784 621 847 per
644 783 678 826 se
702 763 922 845 aestimamus,
949 762 1005 827 sed
1028 762 1123 827 turba

98 853 355 939 vestigiorum,
346 874 381 916 m
404 852 522 937 quibus
545 851 635 916 nulla
658 855 734 916 sunt
719 851 968 917 tredeuntium

188 941 284 1007 Dices
307 941 400 1006 mihi:
430 940 532 1026 “quid
554 941 637 1027 agis,
662 937 806 1007 Seneca?
851 940 969 1006 deseris
993 938 1122 1026 partes?
1141 955 1158 1004 4

98 1034 183 1096 certe
214 1028 316 1097 Stoici
345 1030 443 1095 vestri
474 1031 598 1095 dicunt:
629 1029 747 1113 usque
779 1030 820 1096 ad
851 1031 911 1095 ult
887 1033 1004 1095 trmum
1036 1029 1121 1094 vitae

53 1141 79 1182 ro
97 1118 234 1185 finem
224 1142 260 1185 m
287 1123 361 1186 actu
388 1119 521 1201 erimus,
549 1141 616 1184 non
643 1118 825 1184 desinemus
850 1119 1013 1185 communi
1035 1119 1121 1184 bono

98 1230 229 1313 operam
266 1209 354 1291 dare,
391 1169 542 1274 adiuvaie
579 1208 740 1294 singulos,
777 1231 871 1310 opem
908 1208 991 1273 ferre
1023 1207 1121 1272 etiam

96 1299 237 1365 inimicis
261 1258 354 1365 senili
377 1320 483 1363 manu.
520 1318 580 1363 nos
603 1318 730 1380 sumus,
752 1300 809 1381 qui
830 1298 929 1362 nuliis
953 1296 1045 1362 annis
1068 1318 1121 1361 va-

97 1388 258 1454 cationem
281 1387 450 1452 damust
418 1409 464 1470 e,
486 1387 575 1472 quod
598 1386 644 1452 ait
666 1386 721 1451 ille
744 1386 794 1451 vir
817 1385 1056 1469 disertissimus,

400 1507 534 1562 canitiem
552 1507 636 1578 galea
654 1508 822 1578 premimus3

51 1639 77 1679 ιι
97 1640 157 1683 nos
187 1640 312 1702 sumus,
343 1620 424 1702 aput
453 1638 534 1701 quos
564 1638 667 1702 usque
697 1637 734 1682 eo
765 1617 848 1682 nihil
878 1621 952 1682 ente
983 1621 1121 1683 mortem

97 1706 237 1772 otiosum
257 1711 320 1789 est,
337 1710 387 1790 ut,
406 1707 434 1771 si
452 1728 502 1772 res
518 1707 655 1790 patitur,
673 1729 740 1771 non
754 1707 797 1771 sit
810 1707 882 1791 ipsa
896 1729 982 1771 mors
997 1705 1121 1772 otiosa'

97 1795 175 1880 quid
193 1795 288 1861 nobis
307 1795 442 1880 Epicuri
460 1799 632 1880 praecepta
648 1795 684 1860 in
701 1795 781 1880 ipsis
800 1793 939 1862 Zenonis
953 1795 1121 1881 principiis

95 1884 261 1968 loqueris?
313 1885 393 1970 quin
421 1889 459 1951 tu
488 1885 569 1952 bane
599 1885 763 1972 gnaviter,
793 1886 821 1950 si
850 1885 992 1971 partium
1022 1885 1121 1971 piget,

96 1973 272 2061 transfugis
291 1974 400 2059 potius
420 1995 517 2059 quam
536 1973 695 2060 prodis?''
731 1974 795 2040 hoc
813 1974 875 2039 tibi
893 1975 928 2038 in
940 1973 1156 2058 praesentiat

49 2085 78 2124 ro
95 2063 310 2147 respondebo:
333 2062 506 2149 ‘numquid
529 2065 579 2130 vis
603 2064 755 2149 amplius,
780 2085 876 2148 quam
900 2067 938 2127 ut
955 2085 1011 2129 ma
1034 2063 1120 2129 simi·

94 2152 160 2217 lem
183 2151 317 2217 ducibus
341 2153 420 2218 meis
443 2152 626 2237 praestem?
662 2153 740 2238 quid
764 2175 840 2240 ergo
864 2151 934 2220 est?
969 2175 1036 2217 non
1055 2174 1120 2237 quo

95 2240 241 2306 miserint
264 2264 315 2307 me
338 2243 401 2326 illi,
424 2242 480 2308 sed
503 2264 568 2328 quo
593 2242 757 2326 duxerint,
779 2241 855 2310 ibo.'

184 2346 224 2414 II.
262 2348 344 2436 [ιι]
380 2348 477 2415 Nunc
498 2350 641 2435 probabo
664 2349 726 2414 tibi
748 2371 816 2415 non
838 2349 1012 2416 desciscere
1032 2371 1084 2414 me
1101 2371 1122 2415 a
1141 2367 1155 2417 1

95 2438 276 2524 praeceptis
295 2436 494 2523 Stoicorum3
511 2461 587 2504 nam
605 2461 646 2504 ne
665 2438 729 2523 ipsi
747 2439 878 2522 quidem
896 2462 916 2503 a
934 2439 1000 2505 suis
1020 2438 1119 2505 desci-

49 2547 76 2587 ιι
94 2532 225 2611 verunt,
254 2531 286 2594 et
313 2532 433 2593 tamen.
450 2528 711 2594 excusatissimus
735 2547 852 2611 essem,
881 2528 979 2594 etiam
1003 2528 1030 2594 si
1052 2549 1120 2593 non

95 2621 267 2701 praecepta
295 2617 427 2682 illorum
457 2637 621 2701 sequerer,
650 2616 706 2683 sed
735 2618 891 2703 exempla.
941 2618 1005 2683 hoc
1030 2617 1120 2702 ‘quod

95 2704 168 2771 dico
192 2706 226 2770 in
245 2706 324 2771 duas
343 2704 484 2772 dividam
502 2709 623 2792 partes:
646 2706 803 2791 primum,
824 2711 862 2771 ιιι
880 2707 985 2791 possit
1002 2706 1119 2791 aliquis

95 2794 147 2860 rel
175 2817 195 2859 a
224 2795 329 2878 prima
355 2799 461 2861 aetate
488 2796 755 2881 contemplationi
782 2795 927 2861 veritatis
954 2797 1061 2860 totum
1085 2816 1119 2861 se

95 2882 235 2966 tradere,
273 2884 433 2949 rationem
475 2884 604 2949 vivendi
646 2907 797 2970 quaerere
839 2889 936 2969 atque
973 2906 1119 2949 exercere

49 2993 77 3033 ao
95 2976 234 3054 secret03
270 2971 399 3056 deinde,
429 2977 468 3039 ut
499 2973 604 3059 possit
634 2973 698 3041 hoc
730 2973 846 3059 aliquis
880 2972 1021 3039 emeritis
1053 2973 1153 3038 iama

95 3059 277 3145 stipendiis,
308 3061 499 3148 profligatae
531 3063 660 3147 aetatis,
696 3063 764 3128 iure
797 3062 921 3148 optimo
951 3060 1055 3128 facere
1087 3065 1120 3126 et

186 3217 220 3272 14
240 3219 316 3289 ura.
331 3219 402 3274 Aa
418 3219 468 3274 rx
484 3223 538 3275 era

183 3323 330 3394 Sdices(
319 3327 430 3394 (secur
445 3325 598 3410 exttAt
612 3326 809 3410 egissaisA
826 3324 844 3407 lt
868 3325 888 3379 t)
912 3325 1118 3381 stoicia'urua

94 3394 137 3449 A⁶
153 3393 164 3468 ιΙ
185 3394 253 3449 12·
244 3395 368 3451 mimicis
392 3397 461 3524 oqlp.
487 3396 641 3451 ininimicis
661 3398 690 3453 A
717 3396 721 3469 1
752 3395 835 3452 senili
855 3397 954 3451 Haase
979 3395 1049 3450 eniti
1063 3395 1091 3450 A
1108 3394 1119 3468 ΙΙ

148 3467 403 3537 grauiterturca
450 3465 756 3540 ΒΙι22ιιιοι11ιιιοῑρ.
775 3483 811 3522 ne
829 3464 1123 3537 ruxntasuae

80 3465 157 3593 segre
170 3539 199 3594 A
216 3536 229 3610 ΙΙ
243 3537 306 3593 24
297 3537 386 3608 ipsis
403 3538 477 3608 ipsis
488 3540 517 3595 A
