2438 3846
123 140 174 194 ro
193 138 387 194 raventun
405 136 454 194 nn
473 137 684 195 enavimus
698 139 810 196 vrrnn
830 139 907 219 cir.
924 149 965 199 ιι.
976 106 1015 199 '1⁶
1056 146 1121 216 301

98 290 155 350 aut
177 286 306 351 luxuria
329 289 385 350 aut
407 285 627 352 inhumanitas
650 289 866 354 summoveat!
908 310 1005 373 quam
1027 290 1123 356 multi

98 375 155 458 qui
173 374 262 459 illos,
280 397 354 441 curn
372 373 429 440 diu
446 374 613 460 torserint,
631 376 782 442 simulata
799 377 1007 444 festinatione
1021 383 1122 445 trans·

97 466 241 530 currant!
288 487 384 548 quam
414 463 509 532 multi
538 486 597 549 per
625 465 778 531 refertum
809 467 980 533 clientibus
1004 469 1122 534 atrium

97 554 226 638 prodire
256 554 403 618 vitabunt
433 556 466 618 et
494 575 552 638 per
582 552 737 622 obscuros
765 555 892 622 aedium
919 557 1026 623 aditus
1049 579 1122 643 pro-

65 644 237 729 sfugient,
267 642 359 727 quasi
387 663 456 708 non
482 641 689 710 inhumanius
714 645 757 710 sit
779 645 925 729 decipere
949 668 1046 730 quam
1070 669 1122 713 ex·

97 733 237 798 cludere!
284 753 381 815 quam
409 731 502 797 multi
528 731 678 798 hesterna
701 735 833 820 crapula
856 735 1065 801 semisomnes
1089 739 1122 801 et

97 844 209 908 graves
242 821 307 886 illis
340 822 464 888 miseris
497 844 591 886 suum
624 843 774 888 somnum
809 825 1048 909 rumpentibus,
1084 830 1122 890 ut

96 912 236 975 alienum
269 916 452 995 expectent,
483 911 538 975 vix
568 913 722 977 adlevatis
754 913 853 978 labris
884 912 1120 980 insusurratum

96 1001 222 1088 miliens
250 1022 369 1066 nomen
398 999 587 1067 oscitatione
613 1002 842 1086 superbissima
868 1003 1015 1068 reddenti
1060 1004 1157 1072 hosa

49 1113 77 1152 ro
95 1091 130 1154 in
160 1089 242 1155 veris
274 1090 390 1156 officiis
420 1089 540 1154 morari
570 1089 751 1176 [putamus]
778 1092 856 1158 licet
883 1092 1040 1175 dicamus,
1064 1092 1121 1176 qui

94 1178 266 1262 Zenonem,
282 1179 337 1263 qui
350 1177 560 1265 Pythagoran
573 1180 691 1245 cotidie
705 1180 969 1247 etDemocritum
984 1184 1120 1248 ceteros·

96 1291 157 1354 que
177 1269 336 1334 antistites
354 1268 513 1334 bonarum
532 1269 663 1353 artium,
683 1271 738 1354 qui
752 1268 952 1336 Aristotelen
971 1274 1003 1336 et
1017 1269 1121 1335 Theo·

94 1359 262 1443 phrastum
290 1357 401 1423 volent
430 1359 547 1424 habere
575 1380 672 1442 quam
700 1359 976 1424 familiarissimos
1021 1380 1119 1424 nemo

94 1449 210 1513 horum
233 1470 299 1512 non
321 1448 463 1532 vacabit,
488 1469 582 1513 nemo
605 1469 672 1528 non
694 1450 877 1515 venientem
901 1449 940 1514 ad
964 1471 997 1514 se
1020 1449 1119 1514 beati·

47 1559 75 1600 rs
95 1560 195 1620 orem,
215 1538 426 1603 amantiorem
445 1539 496 1603 sui
514 1537 668 1621 dimittet,
686 1560 780 1604 nemo
801 1560 994 1622 quemquam
1009 1538 1118 1604 vacuis

94 1649 168 1691 ase
193 1626 339 1691 manibus
363 1627 449 1692 abire
472 1628 627 1713 patietur3
654 1634 749 1694 nocte
773 1627 951 1711 conveniri,
978 1627 1119 1694 interdiu

93 1715 132 1779 ab
158 1717 306 1781 omnibus
330 1716 521 1782 mortalibus
544 1721 689 1801 possunt.

182 1821 252 1887 XV.
290 1821 416 1888 Horum
446 1825 478 1888 te
508 1823 591 1887 mori
620 1845 715 1888 nemo
746 1826 854 1909 coget,
885 1845 996 1888 omnes
1027 1822 1152 1892 doce-1

92 1912 187 1995 bunt;
210 1911 326 1977 horum
350 1934 445 1976 nemo
470 1933 570 1976 annos
594 1916 668 1978 tuos
693 1916 850 1996 conteret,
869 1933 944 1978 suos
963 1912 1023 1976 tibi
1042 1933 1116 1977 oon-

46 2023 73 2064 ro
91 2000 225 2084 tribuet3
254 2001 376 2066 nullius
402 2023 442 2066 ex
464 2002 515 2067 his
540 2023 645 2066 sermo
668 2003 869 2086 periculosus
893 2003 967 2085 erit,
994 2002 1117 2066 nullius

181 2157 199 2211 t
216 2157 349 2213 hesterna
363 2173 380 2214 ς
399 2163 424 2212 et
441 2160 510 2228 oolp.
530 2160 646 2213 externa
660 2161 688 2214 A
711 2160 713 2229 t
735 2159 912 2214 semisomnes
925 2159 950 2213 <t
962 2174 1063 2230 manes
1075 2158 1119 2212 Α8

90 2230 141 2297 cfr.
157 2230 250 2285 Hense
269 2228 307 2284 ad
324 2230 400 2298 spat.
417 2245 448 2298 p.
463 2233 570 2297 581113
587 2230 598 2301 Η
617 2230 632 2284 1
651 2231 761 2286 miseris
780 2231 848 2301 coln.
863 2231 928 2285 inde
940 2231 975 2285 ab
990 2228 1119 2285 maen!

90 2301 212 2356 miseriis
221 2302 249 2355 A
266 2301 268 2368 i
285 2298 460 2370 rumpentib3
475 2301 518 2357 Α1
530 2307 563 2356 nt
574 2301 630 2356 oid.
645 2303 808 2371 rumpentes
817 2301 860 2355 Αὕ
873 2300 884 2374 Η
897 2301 915 2356 8
929 2302 1079 2369 expectent
1088 2302 1116 2355 A

90 2374 164 2442 qnod
177 2379 247 2428 recte
261 2372 413 2440 defendant
430 2372 493 2428 Jon.
504 2373 611 2428 Mulier
624 2374 739 2441 (Ztsctr.
749 2372 771 2440 f.
781 2388 819 2427 oe.
831 2372 913 2444 Gynr.
929 2377 1000 2428 1887
1009 2389 1039 2442 p.
1050 2375 1116 2440 852)

91 2450 116 2500 et
141 2446 173 2499 P.
196 2445 313 2500 limitas
338 2445 505 2514 (Morceaan
529 2444 635 2500 abcisis.
666 2445 751 2499 Paris
774 2448 846 2499 1896
866 2460 896 2513 p.
916 2448 970 2499 118
993 2450 1049 2499 not.
1070 2446 1116 2513 10)

90 2516 219 2585 spectent
244 2516 327 2570 Gertz
354 2515 357 2586 l
385 2514 547 2587 adleuantis
568 2516 596 2569 A
620 2515 668 2570 sed
689 2533 710 2569 n
726 2515 884 2585 perforavit
901 2533 936 2570 rn.
955 2516 1088 2571 recentior
1109 2513 1113 2586 Ι

89 2585 177 2641 labris
192 2588 220 2641 A
237 2594 321 2654 recte,
334 2589 361 2642 si
374 2587 442 2656 qnid
454 2587 550 2654 oideo;
566 2587 795 2642 nimirnm'oerba
812 2586 858 2640 vix
873 2586 1012 2641 adlevatis
1026 2583 1115 2640 labris

89 2658 282 2729 coninnpenda
295 2665 361 2713 sunt
374 2675 435 2713 cnm
449 2674 473 2711 o.
488 2657 696 2713 insusurratum
709 2665 735 2713 et
747 2658 999 2738 interpretandum:
1011 2673 1115 2712 nomen

89 2729 201 2784 miliens
212 2729 447 2784 anomenclatore
461 2728 543 2783 labra
552 2729 599 2783 vix
613 2728 764 2784 adlevaute
775 2729 982 2783 insusurratum
991 2728 1116 2784 reddunt

90 2802 258 2857 oscitatione
278 2800 487 2869 superbissima.
520 2803 722 2857 connancrnm
744 2802 802 2856 scil.
821 2802 908 2856 nimio
926 2801 1019 2856 studio
1037 2801 1114 2867 effec-

89 2881 148 2930 tam
170 2881 222 2941 eat,
244 2880 277 2929 nt
294 2873 398 2928 Seneca
415 2874 497 2928 cerba
513 2889 564 2942 per
581 2889 609 2928 se
627 2889 684 2927 non
701 2874 856 2928 necesaria
877 2873 924 2926 vix
947 2871 1003 2926 adl.
1025 2870 1114 2925 labris

88 2947 225 3016 ereptoris
239 2951 354 3015 ponnet
371 2945 534 3000 oscitatioui
553 2943 779 3015 superbissimae.
804 2944 977 3000 Cornelissen
990 2949 1017 2998 rt
1031 2943 1114 3001 Gertz

88 3015 233 3088 palpebris
255 3017 424 3085 scripscnsnt
444 3015 455 3089 11
477 3015 512 3070 10
530 3019 643 3086 putam
662 3016 705 3070 A¹
722 3017 823 3086 putate
840 3015 883 3070 A⁶
901 3031 951 3070 om.
971 3015 1003 3070 in
1021 3031 1078 3069 nno
1096 3025 1114 3069 s

88 3088 186 3157 palam
209 3088 291 3144 Gertz
316 3089 463 3157 putamus,
482 3087 550 3142 licet
568 3087 748 3143 derideamur
769 3088 806 3143 E.
824 3087 942 3142 ibamus
963 3085 973 3158 Η
995 3084 1031 3139 12
1049 3091 1114 3155 post

89 3161 194 3215 artium
212 3161 246 3215 P.
264 3160 382 3216 maras
400 3158 480 3213 adire
497 3159 567 3214 addi
584 3160 652 3225 volt,
669 3176 727 3215 non
745 3160 804 3214 sine
818 3159 1037 3225 tumeriense
1051 3173 1112 3211 ora·

88 3232 174 3287 tionis
191 3236 333 3286 structwu
353 3229 357 3301 Ι
378 3228 553 3284 aristotelem
566 3231 595 3284 A
612 3230 661 3285 sed
678 3247 706 3283 m
724 3230 757 3284 tn
774 3245 830 3285 rna.
844 3230 904 3294 ulia
921 3245 1008 3285 mann
1024 3228 1027 3296 t
1045 3227 1112 3282 theo

88 3304 218 3371 praetum
231 3301 260 3356 A
277 3299 287 3372 Η
308 3299 343 3356 14
361 3298 476 3354 vacabit
492 3300 561 3371 only.
580 3301 698 3355 uacauit
711 3300 753 3356 A¹
771 3301 860 3356 altera
877 3315 895 3354 a
913 3316 935 3355 s.
949 3317 973 3354 o.
988 3299 1087 3354 addita
1103 3298 1113 3370 ii

88 3372 129 3444 lt
145 3379 212 3442 post
236 3372 423 3426 amantiorem
445 3373 478 3426 in
498 3372 526 3427 A
548 3371 609 3428 alin
630 3388 704 3427 man.
725 3387 751 3440 q·
770 3387 792 3426 s.
806 3387 830 3426 o.
850 3369 925 3436 add,
948 3370 1021 3445 qaod
1042 3368 1111 3438 oolp.

88 3445 229 3514 recipirmt
244 3442 255 3516 Η
272 3442 385 3498 litante
399 3441 524 3497 interdiu
537 3442 601 3510 sort.
616 3441 659 3498 A¹
672 3444 702 3498 et
714 3459 735 3498 a.
750 3459 775 3498 o.
790 3441 855 3497 add.
869 3439 880 3514 tt
893 3439 928 3496 lt
942 3441 1068 3496 conteret
1082 3482 1111 3495 ..

89 3514 251 3572 contribuet
265 3514 392 3571 Ernrn’
407 3515 549 3571 conterit.
565 3512 741 3580 ‚contribuit
754 3515 782 3570 A
800 3510 984 3569 contribuant
995 3511 1082 3566 aare
