2438 3846
332 187 585 243 cernimur.
619 186 809 242 amaia
1033 189 1075 256 51

53 337 176 419 soluta,
198 336 245 400 ita
267 335 374 490 ipsum
396 334 574 437 principale
597 356 711 418 parum
734 356 795 419 sup
796 334 866 417 tile,
889 357 1004 419 porum
1027 356 1078 398 ex·

56 429 173 492 actum
219 426 307 509 capit
336 445 413 511 ergo
435 424 523 490 visus
552 423 737 508 speciesque
764 444 871 489 rerum
898 425 1014 508 quibus
1038 423 1078 488 ad

56 517 196 600 impetus
219 517 382 597 evocetur,
405 513 461 579 sed-
483 512 683 578 turbidaset
701 512 858 579 confusas
892 535 931 578 ex
950 535 987 579 eo
1005 535 1078 597 pro·
1097 530 1114 581 8

56 625 169 670 cursus
201 603 378 668 illorumt
363 563 585 686 tumultusque
614 597 817 668 vehementes
850 606 937 686 sunt,
974 606 1079 669 motus

24 696 164 758 sautem
187 692 539 776 sollicitudinesqueet
559 691 693 756 tristitia
716 692 775 756 et
766 714 814 756 ira
831 713 898 756 nou
917 695 1005 775 s,unt
978 692 1078 757 tsed
1154 723 1156 727 ·

56 782 108 849 his
132 782 288 866 quaedam
316 781 446 847 similia:
477 780 617 846 ideot
572 781 637 846 cito
661 780 835 846 oaduntet
820 784 912 845 tmu
912 741 1053 846 tantuir
1045 803 1080 845 ιιι

57 871 254 938 contrarium
273 874 318 954 et,
337 891 410 937 cum
429 871 581 936 acerrime
604 871 785 935 saevierunt
810 874 1079 954 expaveruntque,

56 964 233 1046 pascuntur
247 964 333 1026 etex
350 960 481 1025 fiemitu
500 960 710 1044 discursuque
723 981 841 1025 vesano
859 960 968 1024 statim
988 961 1079 1043 quies

58 1071 218 1135 soporque
241 1050 394 1134 sequitur.

12 1177 39 1219 ιι
146 1154 201 1222 lV.
226 1155 310 1233 Quid
333 1159 417 1222 esset
436 1157 485 1220 ira
503 1155 580 1221 satis
599 1156 787 1239 explicitum
810 1159 866 1220 est.
900 1177 964 1239 quo
984 1155 1080 1221 distet
1100 1173 1114 1222 1

57 1246 97 1312 ab
122 1245 288 1311 iracundia
310 1248 457 1330 apparet:
481 1265 545 1330 quo
569 1245 675 1310 ebrius
699 1245 739 1309 ab
758 1244 884 1309 ebrioso
909 1249 941 1309 et
963 1246 1079 1310 timens

57 1334 221 1400 at.imido
268 1335 368 1400 iratus
391 1337 500 1419 potest
520 1354 588 1398 nou
611 1355 679 1398 esse
699 1334 885 1399 iracundus:
909 1334 1080 1399 iracundus

49 1427 166 1509 potest
187 1423 361 1507 aliquando
380 1423 481 1488 iratus
497 1444 565 1487 nou
583 1444 660 1488 esse.
693 1426 810 1506 cetera,
834 1445 915 1508 quae
933 1424 1080 1577 pluribus
1099 1442 1115 1491 ι

57 1517 138 1616 aput
160 1510 298 1579 Graecos
329 1512 581 1578 nominibusin
546 1512 729 1596 mspecies
760 1513 841 1576 iram
868 1512 942 1577 dist
918 1516 1081 1599 ttmguun,

12 1623 38 1664 ιι
58 1603 135 1687 quia
166 1605 246 1705 aput
276 1623 336 1668 nos
366 1602 523 1667 vocabula
555 1624 613 1667 sua
641 1623 708 1667 non
730 1602 863 1686 habent,
890 1603 1081 1687 praeteribo,

58 1692 155 1756 etiam
179 1692 207 1757 si
229 1713 373 1757 amarum
395 1712 456 1757 nos
479 1692 692 1776 acerbumque
715 1690 865 1775 dicimus,
892 1713 952 1757 nec
974 1693 1080 1758 minus

58 1781 312 1864 stomachosum,
329 1781 506 1864 rabiosum,
525 1781 715 1864 clamosum,
729 1781 909 1865 difficilem,
924 1803 1081 1866 asperum,

58 1891 140 1955 quae
173 1871 281 1937 omnia
309 1870 428 1935 irarum
451 1869 649 1935 differentiae
672 1873 761 1953 sunt3
787 1871 872 1935 inter
893 1871 954 1935 hos
978 1893 1082 1935 moro-

56 1982 130 2026 sum
153 1981 255 2045 ponas
277 1960 367 2043 licet,
386 1959 558 2024 delicatum
582 1959 764 2024 iracundiae
783 1981 892 2046 genus.
926 1960 1117 2048 quaedamp

12 2068 39 2111 ro
58 2049 144 2114 enim
168 2053 244 2114 sunt
265 2049 344 2133 uae,
367 2070 449 2132 quae
472 2049 557 2113 intra
580 2048 753 2114 clamorem
776 2049 958 2133 considant,
988 2071 1082 2134 quae·

59 2138 133 2203 dam
159 2160 227 2203 nou
253 2139 360 2203 minus
383 2138 562 2222 pertinaces
586 2159 683 2222 quam
705 2137 902 2223 frequentes,
926 2138 1082 2223 quaedam

59 2248 171 2292 saevae
204 2248 302 2292 manu
328 2226 434 2292 verbis
464 2226 639 2311 parciores,
672 2227 827 2310 quaedam
854 2228 889 2292 in
911 2228 1082 2293 verborum

58 2315 366 2400 maledictorumque
388 2315 634 2381 amaritudinem
657 2316 789 2400 effusae3
819 2316 974 2400 quaedam
997 2317 1083 2381 ultra

58 2406 217 2489 querellas
250 2408 283 2471 et
313 2405 529 2472 aversationes
556 2426 623 2470 nou
650 2408 780 2489 exeunt,
813 2405 969 2490 quaedam
999 2406 1082 2471 ultae

11 2511 39 2554 ιι
58 2515 236 2581 gravesque
259 2499 335 2560 sunt
357 2499 390 2560 et
411 2495 569 2560 introrsus
592 2516 715 2559 versae:
745 2495 834 2559 mille
857 2495 938 2559 aliae
961 2496 1082 2578 species

59 2586 136 2649 sunt
157 2584 236 2649 mali
256 2584 457 2669 multiplicis.

150 2687 189 2755 V.
214 2688 297 2767 Quid
321 2694 405 2757 e'sset
423 2691 471 2756 ira
490 2691 670 2774 quaesitum
689 2693 750 2774 est,
769 2712 811 2754 un
824 2690 859 2755 in
873 2690 976 2756 ullum
995 2691 1082 2756 aliud
1103 2710 1117 2759 1

59 2777 180 2844 animal
212 2801 309 2864 quam
336 2781 370 2844 in
397 2780 561 2845 hominem
588 2778 728 2864 caderet,
761 2801 825 2864 quo
856 2781 895 2845 ab
918 2781 1084 2846 iracundia

59 2868 193 2934 distaret
179 2871 311 2954 t‚quot
333 2869 400 2934 eius
426 2869 548 2954 species
571 2873 691 2953 essent3
717 2891 803 2935 nuuc
829 2892 1018 2954 quaeramus
1042 2894 1084 2935 an

10 2980 38 3020 ιο
59 2959 110 3022 ira
132 2957 385 3023 secuudumt
328 2961 385 3023 nat
386 2980 477 3023 uram
500 2958 543 3024 sit
566 2962 598 3023 et
621 2981 663 3023 an
685 2962 721 3023 ut
707 2959 831 3024 tilist
798 2963 894 3044 atque
913 2981 952 3024 ex
975 2961 1084 3043 aliqua

59 3049 152 3132 purte
174 3047 349 3113 retinenda

151 3203 289 3260 leubtilc
302 3205 345 3261 Al
366 3204 377 3278 lt
400 3203 419 3261 4
436 3203 549 3260 illorum
568 3218 585 3259 ς
607 3205 721 3260 illarum
735 3206 796 3261 AL
812 3206 823 3278 ll
840 3205 858 3261 8
877 3205 921 3260 dis
923 3206 1083 3330 οιιιιιιζζιις

59 3276 121 3333 4¹·
128 3279 181 3348 ¹(s
200 3279 280 3347 aas.)
308 3278 312 3349 Ι
338 3292 463 3332 uaesano
477 3278 520 3333 ΑΙ
537 3293 606 3332 corr.
623 3276 695 3333 Δι’
683 3293 715 3331 ιιι
732 3295 818 3349 scarp.
841 3277 852 3350 ΙΙ
877 3259 946 3332 12
930 3292 1030 3331 rracun
1049 3295 1083 3331 us

58 3349 157 3419 potest
170 3349 212 3403 ΑΙ
230 3351 302 3404 inter
319 3348 386 3404 tace
403 3349 486 3405 cerba
503 3365 560 3404 non
581 3365 637 3404 so.
652 3348 717 3408 add.
732 3347 775 3404 A⁸
791 3354 842 3405 act
859 3366 933 3405 ιιιαιι.
950 3351 1084 3405 recentior

58 3419 476 3563 stiricidium
487 3419 751 3561 tutuo?
755 3419 1105 3562 ιιιιιιιιιιι

58 3565 91 3620 et
111 3578 184 3631 quac
197 3564 225 3618 L
242 3563 310 3634 ooly

804 3670 911 3729 ιν
