2438 3846
207 171 258 226 AD
277 169 448 226 MAROIAM
465 170 515 225 DE
534 169 812 226 CONSOLATIONE
832 169 908 225 CAP.
924 176 966 226 25.
982 175 1016 226 26
1060 173 1121 238 191

103 321 278 404 cognatum
300 320 350 383 est
368 353 411 364 —·
430 315 571 401 adplicat
594 316 656 381 sibi
677 338 762 381 nova
783 317 855 382 luce
877 316 1070 403 gaudentem
1092 321 1125 382 et

102 405 284 472 vicinorum
317 405 458 470 siderum
488 409 613 471 meatus
642 405 749 489 docet,
782 427 842 471 nec
871 428 911 471 ex
940 405 1124 472 coniectura

103 494 159 560 sed
187 495 332 560 omnium
361 517 401 560 ex
428 516 504 560 vero
526 494 649 580 peritus
671 494 707 559 in
728 517 845 560 arcana
866 498 999 560 naturae
1020 494 1124 560 libens

102 583 206 668 ducit3
241 587 342 669 utque
382 583 568 670 ignotarum
603 583 732 652 urbium
769 588 966 649 monstrator
1001 585 1124 668 hospiti

56 692 70 733 s
102 678 214 760 gratus
237 677 300 757 est,
322 673 369 738 ita
391 672 567 739 sciscitanti
590 673 775 738 caelestium
799 693 911 738 causas
929 672 1124 739 domesticus

101 763 268 847 interpres.
314 766 346 828 et
375 762 411 826 in
439 761 601 847 profunda
626 765 784 827 terrarum
811 763 996 847 permittere
1023 763 1124 828 aciem

101 851 198 935 iabet3
223 851 315 916 iuvat
337 851 423 916 enim
447 873 488 916 ex
509 851 576 916 alto
599 851 712 916 relicta
733 853 900 935 respicere.
946 852 993 917 sic
1015 851 1159 936 itaquae

101 943 148 1024 te,
177 939 311 1023 Marcia,
343 961 430 1027 gere,
462 944 628 1024 tammam
660 940 720 1005 sub
753 940 855 1005 oculis
886 941 986 1025 patris
1013 941 1124 1024 filique

101 1028 222 1114 posita,
250 1051 318 1094 non
347 1030 493 1112 illorum,
523 1050 604 1113 quos
632 1050 784 1113 noveras,
815 1028 871 1094 sed
899 1033 991 1094 tanto
1024 1030 1125 1095 encel-

56 1119 224 1183 rusiorum
255 1122 287 1184 et
316 1119 351 1182 in
378 1139 505 1184 summo
532 1118 722 1184 locatorum.
774 1119 924 1184 erubesce
952 1118 1125 1204 quicquam

102 1206 225 1272 humile
248 1210 304 1272 aut
326 1207 458 1294 volgare
480 1209 614 1290 optare
636 1212 669 1272 et
690 1210 832 1272 mutatos
855 1208 890 1273 in
912 1209 1027 1274 melius
1051 1212 1125 1273 tuos

102 1296 193 1362 fleret
245 1300 446 1362 aeternarum
479 1318 587 1362 rerum
619 1318 677 1382 per
707 1297 809 1362 libera
840 1301 873 1362 et
901 1301 993 1362 vasta
1022 1297 1127 1383 spatia

102 1385 228 1451 dimissi
245 1384 269 1470 †
285 1406 354 1451 non
374 1386 450 1451 illos
473 1384 629 1451 interfusa
651 1386 753 1451 maria
775 1385 960 1451 discludunt
978 1408 1037 1452 nec
1056 1386 1126 1450 alti·

101 1475 181 1540 tudo
212 1475 372 1539 montium
402 1479 459 1540 aut
483 1475 589 1540 inviae
616 1475 716 1540 valles
744 1479 800 1540 aut
827 1474 1021 1541 incertarum
1044 1474 1126 1541 vada

56 1583 84 1625 ss
103 1562 262 1648 Syrtium:
284 1564 308 1648 †
331 1564 476 1630 omnium
503 1566 601 1649 plana
628 1568 660 1628 et
687 1587 727 1630 ex
750 1564 837 1630 facili
860 1565 996 1630 mobiles
1019 1569 1052 1630 et
1075 1587 1126 1630 ex·

100 1653 203 1738 pediti
230 1656 263 1718 et
289 1654 325 1718 in
346 1653 450 1720 vicem
472 1654 575 1738 pervii
598 1657 674 1719 sunt
696 1654 938 1738 intermixtique
961 1654 1126 1719 sideribus.

192 1758 310 1825 XXVI.
347 1758 431 1825 Puta
458 1759 568 1844 itaque
595 1782 636 1826 ex
661 1760 718 1826 illa
745 1782 817 1826 arce
845 1761 975 1826 caelesti
1001 1764 1161 1845 patremi

102 1851 210 1932 tuum,
245 1848 380 1934 Marcia,
415 1847 477 1935 [et]
515 1850 567 1915 cui
600 1853 727 1916 tantum
757 1853 836 1936 aput
864 1854 897 1915 te
927 1850 1126 1916 auctoritatis

103 1941 173 2014 erat
195 1943 352 2023 quantum
374 1938 435 2003 tibi
458 1942 537 2021 aput
559 1939 663 2004 lilium
686 1942 793 2023 tuum,
815 1961 883 2004 non
904 1939 962 2005 illo
986 1939 1126 2025 ingenio,

193 2183 431 2239 dmonstratae
452 2185 624 2239 monstratus
638 2184 703 2240 AF
720 2185 724 2258 l
755 2185 773 2239 6
795 2185 871 2240 inter
888 2186 996 2254 prestet
1014 2184 1044 2239 in
1062 2201 1126 2254 pro-

102 2254 193 2309 funda
202 2255 244 2310 A¹
257 2257 310 2322 (tet
319 2263 416 2325 postea
427 2257 508 2324 eras.)
525 2255 536 2327 ll
555 2255 570 2310 t
584 2254 665 2310 iubet
736 2257 779 2311 itt
792 2258 838 2326 (cf.
849 2256 1028 2312 adafleneet
1038 2257 1125 2325 adep.

97 2344 129 2396 p.
145 2329 244 2396 79,22)
263 2327 343 2382 iuvat
356 2323 436 2382 Koch
453 2326 534 2381 lubet
552 2328 585 2381 P.
604 2327 736 2394 Thomas,¹
753 2328 921 2397 permittent
939 2327 1030 2382 aciem
1045 2327 1127 2382 Gertz

103 2401 155 2453 aut
172 2399 204 2453 in
220 2398 291 2467 prof.
307 2401 372 2453 terr.
387 2399 552 2467 permittere
571 2399 661 2453 aciem
680 2399 759 2453 iuvat
778 2401 807 2455 et
825 2399 892 2454 inde
911 2416 947 2454 ex
964 2399 1100 2454 Schultess
1121 2401 1125 2468 l

103 2469 248 2540 despicere
274 2472 306 2525 P.
330 2471 450 2525 flumas
473 2469 484 2542 lt
507 2470 526 2524 a
548 2468 780 2543 excelsior„umss
799 2471 820 2525 7
844 2471 874 2524 in
893 2487 1002 2525 summo
1020 2470 1127 2524 locato·

102 2559 165 2596 rum
179 2542 208 2596 A
222 2541 243 2596 'l
257 2547 464 2610 pestrasuram
479 2548 506 2596 et
519 2539 695 2666 (locatpprum
712 2558 733 2598 s.
748 2559 772 2597 v.
786 2543 852 2598 cdd.
867 2541 932 2610 ΑἸΙ
945 2540 980 2596 10
995 2540 1127 2596 erubesce

102 2612 134 2668 F
148 2617 175 2667 et
186 2613 255 2684 eolp.
271 2611 404 2668 erubesco
418 2613 447 2667 A
460 2611 470 2685 Η
489 2612 523 2667 11
538 2612 615 2665 hum'
629 2612 665 2684 cll
677 2615 755 2681 (eruc
769 2617 809 2685 m)
823 2615 851 2669 A
868 2613 872 2684 l
888 2612 1014 2683 cogitare
1029 2613 1129 2668 addidi

102 2682 210 2737 humile
236 2685 331 2738 mente
359 2683 486 2754 cogitare
513 2685 543 2738 et
570 2684 636 2739 olim
662 2682 811 2752 Schultess,
839 2686 888 2755 pai
914 2700 989 2739 ncnc
1020 2683 1127 2743 humile
1198 2696 1199 2700 ’

102 2756 197 2810 mente
211 2754 340 2810 volutare
353 2758 383 2810 et
397 2756 531 2824 proponit
548 2754 681 2809 erubesce
699 2755 777 2825 loqui
792 2756 876 2812 Gertz
893 2755 1008 2825 volgare
1023 2755 1127 2811 sentire

102 2827 136 2882 P.
156 2826 274 2882 tuomet
291 2826 301 2899 ll
318 2826 354 2881 12
372 2825 446 2881 flere.
464 2826 467 2895 Ι
489 2828 650 2882 eternamm
668 2842 761 2881 rerum
780 2845 831 2898 per
849 2826 967 2881 liberam
988 2829 1017 2881 et
1035 2827 1126 2882 uasta.

102 2896 199 2965 spatia
217 2897 328 2952 dimissi
340 2898 383 2952 A¹
401 2897 474 2966 qaod
491 2899 523 2953 tn
546 2897 620 2953 flere.
643 2898 646 2966 l
668 2900 765 2953 eterna
787 2916 880 2954 rerum
903 2897 1073 2968 pervlibera
1099 2901 1128 2953 et

23 2972 26 2976 ’
101 2969 194 3023 nasta.
230 2969 327 3038 spatia
349 2968 459 3024 dimissi
481 2986 549 3025 corr.
569 2969 655 3040 A⁶(?)
680 2969 755 3025 flere.
789 2971 821 3025 in
844 2973 941 3025 eterna
964 2986 1056 3024 rerum
1076 2985 1127 3039 per

102 3037 194 3095 libera
220 3042 250 3094 et
273 3042 358 3094 uasta
383 3041 478 3110 spatia
504 3040 634 3095 dimissos
653 3043 685 3096 F
699 3048 726 3095 et
742 3043 810 3112 colp.
836 3045 1015 3096 seminarum
1033 3057 1127 3094 rerum

102 3109 190 3180 potiti
214 3127 266 3180 per
293 3110 351 3166 Le.
365 3128 390 3166 v.
406 3126 447 3180 sp.
468 3110 578 3166 dimissi
601 3113 679 3178 sunt3
704 3128 761 3167 non
784 3113 866 3168 Gertz
894 3114 1010 3167 aeterna
1034 3128 1127 3166 rernm

102 3198 130 3250 p.
145 3180 164 3236 l.
180 3198 203 3237 e.
217 3200 243 3236 v.
258 3199 299 3251 sp.
316 3182 457 3238 dimensos
476 3199 533 3238 non
550 3183 614 3238 illos
633 3183 771 3239 Schultess
794 3182 804 3256 ll
829 3184 865 3238 15
884 3183 979 3238 omniu
997 3183 1086 3252 plana
1099 3183 1128 3236 A

103 3253 200 3308 omnia
222 3253 310 3325 plana
328 3255 377 3310 Ἐς
404 3254 534 3309 tramites
557 3255 637 3325 plani
660 3256 712 3310 atti·
736 3267 753 3310 ς
777 3256 852 3310 ande
876 3255 1005 3309 tramites
1032 3253 1128 3309 omnia

102 3323 183 3393 plani
208 3326 277 3396 culp.
298 3325 364 3380 inde
383 3342 401 3380 a
423 3327 535 3381 Mereto
562 3327 691 3382 tramites
717 3327 812 3382 omnia
840 3328 870 3382 et
896 3326 983 3396 plana
1007 3326 1129 3395 Madctp

104 3394 200 3450 omnia
227 3397 327 3452 ineunt
353 3396 441 3465 plana
464 3397 545 3453 Koch
572 3398 667 3452 omnia
694 3397 735 3452 ibi
762 3397 850 3467 plana
875 3398 957 3454 Gesta
984 3396 1128 3466 omnivagi

104 3465 238 3536 planetae
264 3482 298 3522 ex
323 3467 377 3552 fac.
399 3469 536 3524 Schultess
555 3468 570 3597 pl
597 3469 632 3552 lt
653 3485 705 3538 per
727 3470 824 3551 pisunt
843 3469 884 3524 A¹
902 3471 1025 3524 cestria
1037 3467 1145 3532 perdix

105 3539 172 3592 sunt
183 3538 227 3593 A’
244 3539 255 3610 ΙΙ
272 3538 308 3594 18
322 3555 368 3593 cur
382 3552 400 3593 s
417 3546 443 3595 et
455 3541 524 3614 volq.
540 3557 555 3597 e
584 3557 632 3598 cui
646 3542 676 3599 A
694 3558 779 3598 cuius
792 3541 821 3598 F
