<?xml version="1.0" encoding="UTF-8"?>
<!DOCTYPE html PUBLIC "-//W3C//DTD XHTML 1.0 Transitional//EN"
    "http://www.w3.org/TR/xhtml1/DTD/xhtml1-transitional.dtd">
<html xmlns="http://www.w3.org/1999/xhtml" xml:lang="en" lang="en">
 <head>
  <title>
</title>
<meta http-equiv="Content-Type" content="text/html;charset=utf-8" />
  <meta name='ocr-system' content='tesseract 3.04.00' />
  <meta name='ocr-capabilities' content='ocr_page ocr_carea ocr_par ocr_line ocrx_word'/>
</head>
<body>
  <div class='ocr_page' id='page_1' title='image "./lannaeisenecaeo02senegoog_0310.png"; bbox 0 0 2438 3846; ppageno 0'>
   <div class='ocr_carea' id='block_1_1' title="bbox 101 177 925 250">
    <p class='ocr_par' dir='ltr' id='par_1_1' title="bbox 101 177 925 250">
     <span class='ocr_line' id='line_1_1' title="bbox 101 177 925 250; baseline -0.006 -13"><span class='ocrx_word' id='word_1_1' title='bbox 101 184 166 250; x_wconf 78' lang='grc'><strong>278</strong></span> <span class='ocrx_word' id='word_1_2' title='bbox 296 179 326 233; x_wconf 91' lang='lat' dir='ltr'><strong>L.</strong></span> <span class='ocrx_word' id='word_1_3' title='bbox 342 178 484 233; x_wconf 82' lang='lat' dir='ltr'>ANNAEI</span> <span class='ocrx_word' id='word_1_4' title='bbox 503 177 668 233; x_wconf 78' lang='lat' dir='ltr'>SENECAE</span> <span class='ocrx_word' id='word_1_5' title='bbox 686 177 782 233; x_wconf 89' lang='lat' dir='ltr'>DIAL.</span> <span class='ocrx_word' id='word_1_6' title='bbox 797 177 865 232; x_wconf 84' lang='lat' dir='ltr'><strong>LIB.</strong></span> <span class='ocrx_word' id='word_1_7' title='bbox 879 177 925 232; x_wconf 86' lang='lat' dir='ltr'><strong>IX.</strong></span> 
     </span>
    </p>
   </div>
   <div class='ocr_carea' id='block_1_2' title="bbox 43 322 1169 1552">
    <p class='ocr_par' dir='ltr' id='par_1_2' title="bbox 100 322 1125 501">
     <span class='ocr_line' id='line_1_2' title="bbox 100 322 1125 411; baseline -0.001 -20"><span class='ocrx_word' id='word_1_8' title='bbox 100 325 158 391; x_wconf 89' lang='lat' dir='ltr'><strong>teli</strong></span> <span class='ocrx_word' id='word_1_9' title='bbox 181 325 322 390; x_wconf 78' lang='lat' dir='ltr'><strong>‘nullum</strong></span> <span class='ocrx_word' id='word_1_10' title='bbox 342 346 496 411; x_wconf 80' lang='lat' dir='ltr'><strong>magnum</strong></span> <span class='ocrx_word' id='word_1_11' title='bbox 515 324 681 411; x_wconf 80' lang='lat' dir='ltr'><strong>ingenium</strong></span> <span class='ocrx_word' id='word_1_12' title='bbox 699 324 769 390; x_wconf 91' lang='lat' dir='ltr'><strong>sine</strong></span> <span class='ocrx_word' id='word_1_13' title='bbox 786 322 928 389; x_wconf 75' lang='lat' dir='ltr'>mixtura</span> <span class='ocrx_word' id='word_1_14' title='bbox 947 324 1125 391; x_wconf 82' lang='lat' dir='ltr'><strong>dementiae</strong></span> 
     </span>
     <span class='ocr_line' id='line_1_3' title="bbox 100 412 1125 501; baseline 0 -21"><span class='ocrx_word' id='word_1_15' title='bbox 100 414 192 480; x_wconf 71' lang='lat' dir='ltr'><strong>fuit&#39;i</strong></span> <span class='ocrx_word' id='word_1_16' title='bbox 215 437 282 479; x_wconf 93' lang='lat' dir='ltr'><strong>non</strong></span> <span class='ocrx_word' id='word_1_17' title='bbox 305 417 412 498; x_wconf 89' lang='lat' dir='ltr'><strong>potest</strong></span> <span class='ocrx_word' id='word_1_18' title='bbox 435 414 556 501; x_wconf 85' lang='lat' dir='ltr'><strong>grande</strong></span> <span class='ocrx_word' id='word_1_19' title='bbox 579 412 702 498; x_wconf 84' lang='lat' dir='ltr'><strong>aliquid</strong></span> <span class='ocrx_word' id='word_1_20' title='bbox 726 417 759 489; x_wconf 88' lang='lat' dir='ltr'><strong>et</strong></span> <span class='ocrx_word' id='word_1_21' title='bbox 777 435 873 499; x_wconf 92' lang='lat' dir='ltr'><strong>super</strong></span> <span class='ocrx_word' id='word_1_22' title='bbox 891 417 1014 480; x_wconf 86' lang='lat' dir='ltr'><strong>ceteros</strong></span> <span class='ocrx_word' id='word_1_23' title='bbox 1032 416 1125 500; x_wconf 90' lang='lat' dir='ltr'><strong>loqui</strong></span> 
     </span>
    </p>

    <p class='ocr_par' dir='ltr' id='par_1_3' title="bbox 48 503 1169 1124">
     <span class='ocr_line' id='line_1_4' title="bbox 48 503 1125 590; baseline 0 -20"><span class='ocrx_word' id='word_1_24' title='bbox 48 504 164 571; x_wconf 90' lang='lat' dir='ltr'><strong>11nisi</strong></span> <span class='ocrx_word' id='word_1_25' title='bbox 192 507 282 569; x_wconf 86' lang='lat' dir='ltr'><strong>mota</strong></span> <span class='ocrx_word' id='word_1_26' title='bbox 311 525 408 569; x_wconf 88' lang='lat' dir='ltr'><strong>mens.</strong></span> <span class='ocrx_word' id='word_1_27' title='bbox 460 525 534 570; x_wconf 91' lang='lat' dir='ltr'><strong>cum</strong></span> <span class='ocrx_word' id='word_1_28' title='bbox 564 503 710 589; x_wconf 81' lang='lat' dir='ltr'><strong>volgaria</strong></span> <span class='ocrx_word' id='word_1_29' title='bbox 741 506 774 568; x_wconf 89' lang='lat' dir='ltr'><strong>et</strong></span> <span class='ocrx_word' id='word_1_30' title='bbox 804 503 900 568; x_wconf 87' lang='lat' dir='ltr'><strong>solita</strong></span> <span class='ocrx_word' id='word_1_31' title='bbox 928 506 1125 590; x_wconf 73' lang='lat' dir='ltr'><strong>contempsit</strong></span> 
     </span>
     <span class='ocr_line' id='line_1_5' title="bbox 100 593 1125 678; baseline 0.001 -19"><span class='ocrx_word' id='word_1_32' title='bbox 100 593 319 677; x_wconf 77' lang='lat' dir='ltr'><strong>instinctuque</strong></span> <span class='ocrx_word' id='word_1_33' title='bbox 342 613 433 659; x_wconf 87' lang='lat' dir='ltr'><strong>sacro</strong></span> <span class='ocrx_word' id='word_1_34' title='bbox 457 594 595 659; x_wconf 88' lang='lat' dir='ltr'><strong>surrexit</strong></span> <span class='ocrx_word' id='word_1_35' title='bbox 617 593 787 678; x_wconf 80' lang='lat' dir='ltr'><strong>excelsior,</strong></span> <span class='ocrx_word' id='word_1_36' title='bbox 813 596 892 659; x_wconf 87' lang='lat' dir='ltr'><strong>tunc</strong></span> <span class='ocrx_word' id='word_1_37' title='bbox 914 593 1045 659; x_wconf 84' lang='lat' dir='ltr'><strong>demum</strong></span> <span class='ocrx_word' id='word_1_38' title='bbox 1068 595 1125 660; x_wconf 87' lang='lat' dir='ltr'><strong>ali·</strong></span> 
     </span>
     <span class='ocr_line' id='line_1_6' title="bbox 101 682 1169 769; baseline -0.002 -21"><span class='ocrx_word' id='word_1_39' title='bbox 101 683 179 766; x_wconf 90' lang='lat' dir='ltr'><strong>quid</strong></span> <span class='ocrx_word' id='word_1_40' title='bbox 202 682 318 749; x_wconf 81' lang='lat' dir='ltr'><strong>cecinit</strong></span> <span class='ocrx_word' id='word_1_41' title='bbox 341 683 494 769; x_wconf 80' lang='lat' dir='ltr'><strong>grandius</strong></span> <span class='ocrx_word' id='word_1_42' title='bbox 518 705 572 748; x_wconf 92' lang='lat' dir='ltr'><strong>ore</strong></span> <span class='ocrx_word' id='word_1_43' title='bbox 595 682 734 747; x_wconf 81' lang='lat' dir='ltr'><strong>mortali.</strong></span> <span class='ocrx_word' id='word_1_44' title='bbox 769 702 838 747; x_wconf 89' lang='lat' dir='ltr'><strong>non</strong></span> <span class='ocrx_word' id='word_1_45' title='bbox 859 686 967 766; x_wconf 88' lang='lat' dir='ltr'><strong>potest</strong></span> <span class='ocrx_word' id='word_1_46' title='bbox 985 683 1125 750; x_wconf 88' lang='lat' dir='ltr'><strong>sublime</strong></span> <span class='ocrx_word' id='word_1_47' title='bbox 1157 705 1169 746; x_wconf 87' lang='lat' dir='ltr'><strong>s</strong></span> 
     </span>
     <span class='ocr_line' id='line_1_7' title="bbox 101 772 1124 858; baseline 0.003 -22"><span class='ocrx_word' id='word_1_48' title='bbox 101 772 273 856; x_wconf 84' lang='lat' dir='ltr'><strong>quicquam</strong></span> <span class='ocrx_word' id='word_1_49' title='bbox 304 775 338 836; x_wconf 89' lang='lat' dir='ltr'><strong>et</strong></span> <span class='ocrx_word' id='word_1_50' title='bbox 364 772 399 836; x_wconf 90' lang='lat' dir='ltr'><strong>in</strong></span> <span class='ocrx_word' id='word_1_51' title='bbox 427 773 527 837; x_wconf 86' lang='lat' dir='ltr'><strong>arduo</strong></span> <span class='ocrx_word' id='word_1_52' title='bbox 550 773 693 858; x_wconf 88' lang='lat' dir='ltr'><strong>positum</strong></span> <span class='ocrx_word' id='word_1_53' title='bbox 717 772 916 858; x_wconf 79' lang='lat' dir='ltr'><strong>contingere,</strong></span> <span class='ocrx_word' id='word_1_54' title='bbox 948 793 1044 856; x_wconf 84' lang='lat' dir='ltr'><strong>quam</strong></span> <span class='ocrx_word' id='word_1_55' title='bbox 1068 772 1124 839; x_wconf 82' lang='lat' dir='ltr'><strong>(liu</strong></span> 
     </span>
     <span class='ocr_line' id='line_1_8' title="bbox 100 861 1124 946; baseline 0.002 -21"><span class='ocrx_word' id='word_1_56' title='bbox 100 864 180 945; x_wconf 89' lang='lat' dir='ltr'><strong>aput</strong></span> <span class='ocrx_word' id='word_1_57' title='bbox 207 882 241 926; x_wconf 86' lang='lat' dir='ltr'><strong>se</strong></span> <span class='ocrx_word' id='word_1_58' title='bbox 270 865 331 925; x_wconf 88' lang='lat' dir='ltr'><strong>est:</strong></span> <span class='ocrx_word' id='word_1_59' title='bbox 359 862 516 927; x_wconf 84' lang='lat' dir='ltr'><strong>desciscat</strong></span> <span class='ocrx_word' id='word_1_60' title='bbox 546 864 674 946; x_wconf 86' lang='lat' dir='ltr'><strong>oportet</strong></span> <span class='ocrx_word' id='word_1_61' title='bbox 697 884 717 925; x_wconf 85' lang='lat' dir='ltr'><strong>a</strong></span> <span class='ocrx_word' id='word_1_62' title='bbox 739 861 836 926; x_wconf 83' lang='lat' dir='ltr'><strong>solito</strong></span> <span class='ocrx_word' id='word_1_63' title='bbox 864 865 896 926; x_wconf 91' lang='lat' dir='ltr'><strong>et</strong></span> <span class='ocrx_word' id='word_1_64' title='bbox 918 862 1069 927; x_wconf 84' lang='lat' dir='ltr'><strong>efferatur</strong></span> <span class='ocrx_word' id='word_1_65' title='bbox 1091 868 1124 929; x_wconf 89' lang='lat' dir='ltr'><strong>et</strong></span> 
     </span>
     <span class='ocr_line' id='line_1_9' title="bbox 100 950 1124 1037; baseline 0.001 -21"><span class='ocrx_word' id='word_1_66' title='bbox 100 950 245 1016; x_wconf 83' lang='lat' dir='ltr'><strong>mordeat</strong></span> <span class='ocrx_word' id='word_1_67' title='bbox 274 950 382 1016; x_wconf 88' lang='lat' dir='ltr'><strong>frenos</strong></span> <span class='ocrx_word' id='word_1_68' title='bbox 412 955 445 1016; x_wconf 89' lang='lat' dir='ltr'><strong>et</strong></span> <span class='ocrx_word' id='word_1_69' title='bbox 472 954 629 1016; x_wconf 89' lang='lat' dir='ltr'><strong>rectorem</strong></span> <span class='ocrx_word' id='word_1_70' title='bbox 656 950 762 1034; x_wconf 83' lang='lat' dir='ltr'><strong>rapiat</strong></span> <span class='ocrx_word' id='word_1_71' title='bbox 788 972 884 1017; x_wconf 89' lang='lat' dir='ltr'><strong>suum</strong></span> <span class='ocrx_word' id='word_1_72' title='bbox 907 973 1010 1035; x_wconf 89' lang='lat' dir='ltr'><strong>eoque</strong></span> <span class='ocrx_word' id='word_1_73' title='bbox 1031 951 1124 1037; x_wconf 81' lang='lat' dir='ltr'><strong>ierat,</strong></span> 
     </span>
     <span class='ocr_line' id='line_1_10' title="bbox 100 1040 686 1124; baseline -0.002 -19"><span class='ocrx_word' id='word_1_74' title='bbox 100 1061 164 1124; x_wconf 89' lang='lat' dir='ltr'><strong>quo</strong></span> <span class='ocrx_word' id='word_1_75' title='bbox 189 1062 247 1124; x_wconf 88' lang='lat' dir='ltr'><strong>per</strong></span> <span class='ocrx_word' id='word_1_76' title='bbox 270 1061 303 1105; x_wconf 93' lang='lat' dir='ltr'><strong>se</strong></span> <span class='ocrx_word' id='word_1_77' title='bbox 326 1040 489 1105; x_wconf 86' lang='lat' dir='ltr'><strong>timuisset</strong></span> <span class='ocrx_word' id='word_1_78' title='bbox 510 1040 686 1105; x_wconf 87' lang='lat' dir='ltr'><strong>escendere.</strong></span> 
     </span>
    </p>

    <p class='ocr_par' dir='ltr' id='par_1_4' title="bbox 48 1127 1169 1214">
     <span class='ocr_line' id='line_1_11' title="bbox 48 1127 1169 1214; baseline -0.001 -21"><span class='ocrx_word' id='word_1_79' title='bbox 48 1145 80 1194; x_wconf 79' lang='lat'><strong>12</strong></span> <span class='ocrx_word' id='word_1_80' title='bbox 189 1127 312 1208; x_wconf 82' lang='lat' dir='ltr'><strong>Habes,</strong></span> <span class='ocrx_word' id='word_1_81' title='bbox 341 1127 458 1194; x_wconf 83' lang='lat' dir='ltr'><strong>Serene</strong></span> <span class='ocrx_word' id='word_1_82' title='bbox 485 1128 662 1213; x_wconf 86' lang='lat' dir='ltr'><strong>carissime,</strong></span> <span class='ocrx_word' id='word_1_83' title='bbox 690 1151 771 1213; x_wconf 84' lang='lat' dir='ltr'><strong>quae</strong></span> <span class='ocrx_word' id='word_1_84' title='bbox 794 1127 921 1212; x_wconf 86' lang='lat' dir='ltr'><strong>possint</strong></span> <span class='ocrx_word' id='word_1_85' title='bbox 942 1130 1169 1214; x_wconf 83' lang='lat' dir='ltr'><strong>tranquilli-10</strong></span> 
     </span>
    </p>

    <p class='ocr_par' dir='ltr' id='par_1_5' title="bbox 45 1218 1123 1392">
     <span class='ocr_line' id='line_1_12' title="bbox 45 1218 1123 1302; baseline 0.002 -19"><span class='ocrx_word' id='word_1_86' title='bbox 45 1269 47 1272; x_wconf 44' lang='lat'>&gt;</span> <span class='ocrx_word' id='word_1_87' title='bbox 100 1221 200 1283; x_wconf 82' lang='lat' dir='ltr'><strong>tatem</strong></span> <span class='ocrx_word' id='word_1_88' title='bbox 222 1218 319 1300; x_wconf 87' lang='lat' dir='ltr'><strong>tueri,</strong></span> <span class='ocrx_word' id='word_1_89' title='bbox 343 1239 425 1301; x_wconf 83' lang='lat' dir='ltr'><strong>quae</strong></span> <span class='ocrx_word' id='word_1_90' title='bbox 447 1219 629 1301; x_wconf 89' lang='lat' dir='ltr'><strong>restituere,</strong></span> <span class='ocrx_word' id='word_1_91' title='bbox 659 1240 741 1302; x_wconf 84' lang='lat' dir='ltr'><strong>quae</strong></span> <span class='ocrx_word' id='word_1_92' title='bbox 765 1219 1011 1302; x_wconf 89' lang='lat' dir='ltr'><strong>subrepentibus</strong></span> <span class='ocrx_word' id='word_1_93' title='bbox 1034 1219 1123 1285; x_wconf 81' lang='lat' dir='ltr'><strong>vitiis</strong></span> 
     </span>
     <span class='ocr_line' id='line_1_13' title="bbox 99 1306 1123 1392; baseline 0.003 -21"><span class='ocrx_word' id='word_1_94' title='bbox 99 1306 263 1392; x_wconf 84' lang='lat' dir='ltr'><strong>resistant;</strong></span> <span class='ocrx_word' id='word_1_95' title='bbox 297 1306 377 1371; x_wconf 90' lang='lat' dir='ltr'><strong>illud</strong></span> <span class='ocrx_word' id='word_1_96' title='bbox 410 1310 519 1373; x_wconf 82' lang='lat' dir='ltr'><strong>tamen</strong></span> <span class='ocrx_word' id='word_1_97' title='bbox 553 1308 647 1391; x_wconf 87' lang='lat' dir='ltr'><strong>scito,</strong></span> <span class='ocrx_word' id='word_1_98' title='bbox 681 1306 764 1372; x_wconf 89' lang='lat' dir='ltr'><strong>nihil</strong></span> <span class='ocrx_word' id='word_1_99' title='bbox 795 1307 913 1373; x_wconf 90' lang='lat' dir='ltr'><strong>horum</strong></span> <span class='ocrx_word' id='word_1_100' title='bbox 946 1309 1024 1374; x_wconf 82' lang='lat' dir='ltr'><strong>satis</strong></span> <span class='ocrx_word' id='word_1_101' title='bbox 1054 1331 1123 1374; x_wconf 88' lang='lat' dir='ltr'><strong>esse</strong></span> 
     </span>
    </p>

    <p class='ocr_par' dir='ltr' id='par_1_6' title="bbox 43 1396 1123 1552">
     <span class='ocr_line' id='line_1_14' title="bbox 43 1396 1123 1483; baseline 0.004 -23"><span class='ocrx_word' id='word_1_102' title='bbox 43 1448 44 1452; x_wconf 65' lang='lat'>,</span> <span class='ocrx_word' id='word_1_103' title='bbox 99 1396 242 1461; x_wconf 76' lang='lat' dir='ltr'><strong>validum</strong></span> <span class='ocrx_word' id='word_1_104' title='bbox 276 1418 345 1461; x_wconf 88' lang='lat' dir='ltr'><strong>rem</strong></span> <span class='ocrx_word' id='word_1_105' title='bbox 377 1397 561 1462; x_wconf 86' lang='lat' dir='ltr'><strong>inbecillam</strong></span> <span class='ocrx_word' id='word_1_106' title='bbox 591 1397 806 1483; x_wconf 84' lang='lat' dir='ltr'><strong>servantibus,</strong></span> <span class='ocrx_word' id='word_1_107' title='bbox 841 1396 904 1477; x_wconf 92' lang='lat' dir='ltr'><strong>nisi</strong></span> <span class='ocrx_word' id='word_1_108' title='bbox 934 1397 1059 1464; x_wconf 85' lang='lat' dir='ltr'><strong>intenta</strong></span> <span class='ocrx_word' id='word_1_109' title='bbox 1090 1403 1123 1464; x_wconf 92' lang='lat' dir='ltr'><strong>et</strong></span> 
     </span>
     <span class='ocr_line' id='line_1_15' title="bbox 100 1484 861 1552; baseline 0.003 -2"><span class='ocrx_word' id='word_1_110' title='bbox 100 1484 233 1551; x_wconf 85' lang='lat' dir='ltr'><strong>adsidue</strong></span> <span class='ocrx_word' id='word_1_111' title='bbox 256 1506 333 1551; x_wconf 85' lang='lat' dir='ltr'><strong>curu</strong></span> <span class='ocrx_word' id='word_1_112' title='bbox 356 1486 505 1552; x_wconf 90' lang='lat' dir='ltr'><strong>circumit</strong></span> <span class='ocrx_word' id='word_1_113' title='bbox 527 1487 670 1552; x_wconf 84' lang='lat' dir='ltr'><strong>animum</strong></span> <span class='ocrx_word' id='word_1_114' title='bbox 691 1486 861 1552; x_wconf 86' lang='lat' dir='ltr'><strong>lubentem.</strong></span> 
     </span>
    </p>
   </div>
   <div class='ocr_carea' id='block_1_3' title="bbox 96 1660 1124 2000">
    <p class='ocr_par' dir='ltr' id='par_1_7' title="bbox 96 1660 1124 2000">
     <span class='ocr_line' id='line_1_16' title="bbox 190 1660 1124 1734; baseline 0.005 -20"><span class='ocrx_word' id='word_1_115' title='bbox 190 1660 206 1714; x_wconf 95' lang='lat'>1</span> <span class='ocrx_word' id='word_1_116' title='bbox 234 1661 394 1716; x_wconf 86' lang='lat' dir='ltr'><strong>dementiae</strong></span> <span class='ocrx_word' id='word_1_117' title='bbox 422 1660 494 1715; x_wconf 84' lang='lat' dir='ltr'><strong>fuit&#39;:</strong></span> <span class='ocrx_word' id='word_1_118' title='bbox 527 1678 585 1716; x_wconf 91' lang='lat' dir='ltr'><strong>non</strong></span> <span class='ocrx_word' id='word_1_119' title='bbox 611 1663 786 1732; x_wconf 65' lang='lat' dir='ltr'><strong>interponet</strong></span> <span class='ocrx_word' id='word_1_120' title='bbox 812 1664 936 1734; x_wconf 68' lang='lat' dir='ltr'><strong>Pfeump</strong></span> <span class='ocrx_word' id='word_1_121' title='bbox 963 1663 1124 1719; x_wconf 81' lang='lat' dir='ltr'><strong>dementiae</strong></span> 
     </span>
     <span class='ocr_line' id='line_1_17' title="bbox 100 1731 1123 1806; baseline 0.005 -21"><span class='ocrx_word' id='word_1_122' title='bbox 100 1731 172 1786; x_wconf 87' lang='lat' dir='ltr'><strong>fuit‘.</strong></span> <span class='ocrx_word' id='word_1_123' title='bbox 201 1749 257 1786; x_wconf 91' lang='lat' dir='ltr'><strong>non</strong></span> <span class='ocrx_word' id='word_1_124' title='bbox 275 1734 343 1804; x_wconf 72' lang='lat' dir='ltr'><strong>ooiy.</strong></span> <span class='ocrx_word' id='word_1_125' title='bbox 357 1733 367 1806; x_wconf 68' lang='lat' dir='ltr'><strong>ll</strong></span> <span class='ocrx_word' id='word_1_126' title='bbox 385 1732 624 1801; x_wconf 68' lang='lat' dir='ltr'><strong>tinstinotusque</strong></span> <span class='ocrx_word' id='word_1_127' title='bbox 638 1735 665 1789; x_wconf 77' lang='lat' dir='ltr'><strong><em>A</em></strong></span> <span class='ocrx_word' id='word_1_128' title='bbox 684 1750 754 1789; x_wconf 83' lang='lat' dir='ltr'><strong>corr.</strong></span> <span class='ocrx_word' id='word_1_129' title='bbox 768 1736 842 1804; x_wconf 70' lang='lat' dir='ltr'><strong>cotys</strong></span> <span class='ocrx_word' id='word_1_130' title='bbox 851 1735 861 1806; x_wconf 70' lang='lat' dir='ltr'><strong>ll</strong></span> <span class='ocrx_word' id='word_1_131' title='bbox 879 1733 1123 1805; x_wconf 73' lang='lat' dir='ltr'><strong>igrundiosorem</strong></span> 
     </span>
     <span class='ocr_line' id='line_1_18' title="bbox 100 1802 1123 1878; baseline 0.008 -22"><span class='ocrx_word' id='word_1_132' title='bbox 100 1802 213 1857; x_wconf 79' lang='lat' dir='ltr'><strong>mortali</strong></span> <span class='ocrx_word' id='word_1_133' title='bbox 227 1804 269 1859; x_wconf 83' lang='lat' dir='ltr'><strong>A¹</strong></span> <span class='ocrx_word' id='word_1_134' title='bbox 287 1821 356 1860; x_wconf 83' lang='lat' dir='ltr'><strong>corr.</strong></span> <span class='ocrx_word' id='word_1_135' title='bbox 374 1804 416 1859; x_wconf 80' lang='lat' dir='ltr'><strong>A⁶</strong></span> <span class='ocrx_word' id='word_1_136' title='bbox 438 1804 448 1877; x_wconf 71' lang='grc' dir='ltr'>Η</span> <span class='ocrx_word' id='word_1_137' title='bbox 472 1804 489 1858; x_wconf 80' lang='grc'><strong>9</strong></span> <span class='ocrx_word' id='word_1_138' title='bbox 508 1821 564 1874; x_wconf 89' lang='lat' dir='ltr'><strong>quo</strong></span> <span class='ocrx_word' id='word_1_139' title='bbox 582 1805 651 1876; x_wconf 80' lang='lat' dir='ltr'><strong>oolp.</strong></span> <span class='ocrx_word' id='word_1_140' title='bbox 671 1805 747 1874; x_wconf 89' lang='lat' dir='ltr'><strong>quod</strong></span> <span class='ocrx_word' id='word_1_141' title='bbox 761 1809 788 1861; x_wconf 87' lang='lat' dir='ltr'><strong><em>A</em></strong></span> <span class='ocrx_word' id='word_1_142' title='bbox 812 1807 822 1878; x_wconf 68' lang='lat' dir='ltr'><strong>ll</strong></span> <span class='ocrx_word' id='word_1_143' title='bbox 847 1805 1017 1876; x_wconf 73' lang='lat' dir='ltr'><strong>sobsmptio</strong></span> <span class='ocrx_word' id='word_1_144' title='bbox 1035 1808 1123 1864; x_wconf 77' lang='lat' dir='ltr'><strong>micio</strong></span> 
     </span>
     <span class='ocr_line' id='line_1_19' title="bbox 96 1875 1123 2000; baseline 0.006 -72"><span class='ocrx_word' id='word_1_145' title='bbox 96 1877 175 1943; x_wconf 79' lang='lat' dir='ltr'><strong>picta</strong></span> <span class='ocrx_word' id='word_1_146' title='bbox 199 1876 265 1930; x_wconf 77' lang='lat' dir='ltr'><strong>hoec</strong></span> <span class='ocrx_word' id='word_1_147' title='bbox 289 1883 341 1931; x_wconf 80' lang='lat' dir='ltr'><strong>est:</strong></span> <span class='ocrx_word' id='word_1_148' title='bbox 377 1875 407 1930; x_wconf 81' lang='lat' dir='ltr'><strong>L.</strong></span> <span class='ocrx_word' id='word_1_149' title='bbox 427 1878 459 1931; x_wconf 88' lang='lat' dir='ltr'><strong>A.</strong></span> <span class='ocrx_word' id='word_1_150' title='bbox 479 1875 592 2000; x_wconf 51' lang='lat' dir='ltr'><strong>Senecp.</strong></span> <span class='ocrx_word' id='word_1_151' title='bbox 634 1877 680 1930; x_wconf 87' lang='lat' dir='ltr'><strong>Ad</strong></span> <span class='ocrx_word' id='word_1_152' title='bbox 708 1876 842 1932; x_wconf 84' lang='lat' dir='ltr'><strong>Serenum</strong></span> <span class='ocrx_word' id='word_1_153' title='bbox 870 1877 1123 1948; x_wconf 72' lang='lat' dir='ltr'><strong>Detranqnillitate</strong></span> 
     </span>
    </p>
   </div>
   <div class='ocr_carea' id='block_1_4' title="bbox 98 1946 1024 2021">
    <p class='ocr_par' dir='ltr' id='par_1_8' title="bbox 98 1946 1024 2021">
     <span class='ocr_line' id='line_1_20' title="bbox 98 1946 1024 2021; baseline 0.004 -22"><span class='ocrx_word' id='word_1_154' title='bbox 98 1946 189 2000; x_wconf 73' lang='lat' dir='ltr'><strong>&#39;animi</strong></span> <span class='ocrx_word' id='word_1_155' title='bbox 209 1947 332 2016; x_wconf 86' lang='lat' dir='ltr'><strong>explicit.</strong></span> <span class='ocrx_word' id='word_1_156' title='bbox 351 1946 362 2018; x_wconf 70' lang='lat' dir='ltr'><strong>ll</strong></span> <span class='ocrx_word' id='word_1_157' title='bbox 379 1946 484 2018; x_wconf 89' lang='lat' dir='ltr'><strong>Incipit</strong></span> <span class='ocrx_word' id='word_1_158' title='bbox 502 1946 547 2000; x_wconf 86' lang='lat' dir='ltr'><strong>Ad</strong></span> <span class='ocrx_word' id='word_1_159' title='bbox 589 1947 717 2018; x_wconf 74' lang='lat' dir='ltr'><strong>culinum</strong></span> <span class='ocrx_word' id='word_1_160' title='bbox 736 1949 777 2002; x_wconf 90' lang='lat' dir='ltr'><strong>De</strong></span> <span class='ocrx_word' id='word_1_161' title='bbox 796 1948 939 2003; x_wconf 81' lang='lat' dir='ltr'><strong>breuitate</strong></span> <span class='ocrx_word' id='word_1_162' title='bbox 956 1950 1024 2021; x_wconf 77' lang='lat' dir='ltr'><strong>uite.</strong></span> 
     </span>
    </p>
   </div>
   <div class='ocr_carea' id='block_1_5' title="bbox 0 0 1224 3846">
    <p class='ocr_par' dir='ltr' id='par_1_9' title="bbox 0 0 1224 3846">
     <span class='ocr_line' id='line_1_21' title="bbox 0 0 1224 3846; baseline 0 0"><span class='ocrx_word' id='word_1_163' title='bbox 0 0 1224 3846; x_wconf 95' lang='lat' dir='ltr'><strong> </strong></span> 
     </span>
    </p>
   </div>
  </div>
 </body>
</html>
