2438 3846
114 135 159 201 42
318 131 350 186 u.
364 130 507 186 ANNAEI
526 128 691 186 SENECAE
709 130 805 187 DIAL.
819 129 888 187 LIB.
901 129 936 185 H.

116 278 143 343 ai
173 278 236 342 hoe
263 278 371 361 potuit
397 277 453 342 ille
485 275 604 342 duritie
630 277 710 361 oris,
742 277 799 361 qui
826 275 962 342 assiduis
985 274 1143 344 conviciis

114 367 234 450 pudere
257 367 465 450 dedidicerat,
487 388 545 432 cun
567 368 595 432 is
618 387 685 432 non
707 366 824 450 possit,
846 366 904 450 qui
926 365 1041 432 studiis
1063 366 1143 432 libe

115 457 236 521 ralibus
264 460 297 521 et
319 456 493 541 sapientiae
517 457 607 522 cultu
630 456 671 520 ad
693 455 835 539 aliquem
862 454 1044 539 profectum
1071 477 1144 540 per-

79 562 96 608 4
115 544 261 610 venerit?
302 545 391 612 edice
415 545 502 630 quod
525 567 625 631 genus
648 544 783 611 ultionis
806 548 855 610 est
878 545 999 630 eripere
1023 545 1066 629 ei,
1086 545 1144 630 qui

115 634 207 718 fecit,
233 633 336 701 iactae
360 634 574 700 contumeliae
595 634 810 719 voluptatem3
839 635 945 699 solent
967 634 1085 699 dicere:
1108 633 1142 700 ‘o
1175 655 1187 696 s

116 724 268 788 miserum
292 724 357 788 mel
402 726 497 807 puto,
518 744 585 788 non
608 722 792 788 intellexit’:
815 721 894 788 adeo
917 723 1042 790 fructus
1066 744 1144 789 con·

114 813 266 878 tumeliae
289 813 324 877 in
347 835 442 879 sensu
465 816 497 878 et
519 808 740 898 indignatione
763 813 915 897 patientis
939 815 995 878 est.
1028 811 1143 878 deinde

32 982 34 986 Ι
115 923 182 967 non
205 901 287 967 derit
309 903 359 966 illi
382 902 555 988 aliquando
579 925 651 988 par3
674 903 855 967 invenietur
878 902 989 986 quite
1013 923 1143 986 quoque

116 991 264 1057 vindicet.
1122 1047 1125 1050 ,

81 1097 95 1144 1
205 1079 323 1146 XVIII.
349 1079 381 1146 0.
408 1079 523 1148 Caesar
555 1082 639 1145 inter
670 1085 776 1146 cetera
807 1080 902 1165 vitia,
935 1081 1051 1164 quibus
1088 1080 1143 1146 ab·
1163 1101 1189 1141 ιο

115 1170 271 1255 undabat,
297 1172 549 1236 contumeliosus
577 1171 660 1235 mira
685 1170 820 1235 libidine
846 1170 1008 1235 ferebatur
1035 1169 1143 1236 omnis

116 1259 225 1344 aliqua
252 1264 331 1325 nota
360 1260 510 1344 feriendi,-
537 1261 606 1342 Ipse
635 1260 769 1324 materia
790 1260 873 1325 risus
895 1259 1143 1346 benignissima:

115 1352 206 1413 tanta
227 1349 278 1414 illi
295 1349 429 1434 pelleris
447 1349 606 1415 insaniam
624 1350 773 1416 testantis
791 1349 929 1415 foeditas
948 1351 1030 1432 eret,
1050 1352 1144 1413 tanta

116 1439 285 1504 oculorum
308 1439 368 1505 sub
391 1439 498 1504 fronte
521 1439 600 1502 anili
621 1439 792 1504 latentium
810 1439 961 1522 torvitas,
982 1441 1075 1502 tanta
1089 1457 1144 1504 cs·

115 1527 193 1611 pitis
224 1527 369 1593 destituti
399 1532 431 1593 et
461 1526 711 1593 emendicaticiis
739 1527 865 1611 capillis
893 1527 1016 1612 aspersi
1038 1525 1144 1592 defor-
1163 1547 1188 1588 u

116 1616 225 1700 mitas3
257 1616 346 1682 adice
379 1618 542 1682 obsessam
574 1617 670 1683 saetis
703 1618 860 1682 cervicem
897 1619 928 1681 et
965 1615 1144 1681 exilitatem

115 1726 246 1771 crurum
269 1709 301 1771 et
324 1707 548 1771 enormitatem
566 1707 694 1791 pedum.
726 1707 908 1771 inmensum
923 1708 984 1790 est,
1002 1705 1031 1771 si
1043 1704 1145 1769 velim

73 1795 75 1799 ’
115 1795 245 1880 singula
266 1794 397 1880 referre,
419 1818 477 1880 per
496 1818 577 1880 quae
591 1796 626 1860 in
638 1798 786 1879 parentes
805 1816 946 1879 avosque
969 1815 1045 1860 suos
1068 1815 1145 1859 eon·
1168 1818 1196 1883 '.

114 1884 305 1951 tumeliosus
335 1883 412 1969 fuit,
439 1906 496 1968 per
524 1885 663 1968 quaein
685 1885 852 1950 universos
876 1884 1018 1967 ordines3
1041 1905 1079 1948 ea
1095 1905 1145 1948 re·

80 1985 96 2033 2
115 1972 231 2057 feram,
253 1994 335 2058 quse
353 1974 447 2039 illum
466 1974 565 2039 exitio
584 1974 747 2039 dederunt.
780 1972 962 2039 Asiaticum
975 1970 1145 2038 Valerium
1163 1991 1190 2033 so

116 2062 151 2126 in
172 2063 286 2147 primis
310 2063 422 2129 amieis
445 2063 597 2148 habebat,
618 2063 758 2129 ferocem
782 2064 888 2128 virum
911 2067 943 2127 et
962 2062 1016 2126 vix
1038 2083 1143 2145 aequo

116 2151 224 2216 enimc
255 2151 375 2219 alienes
406 2153 618 2219 contumelias
641 2153 797 2219 laturum:
825 2153 902 2218 huic
925 2153 960 2216 in
982 2151 1146 2236 convivio,

115 2240 213 2307 idest
233 2242 268 2306 in
285 2243 450 2326 contione,
471 2247 550 2308 voce
569 2243 761 2327 clarissima,
793 2241 897 2325 qualis
915 2242 950 2305 in
968 2240 1146 2307 concubitu

117 2334 200 2396 esset
229 2353 312 2396 uxor
341 2332 424 2416 eius,
454 2332 580 2398 obiecit.
600 2331 660 2397 -di
686 2332 779 2415 boni,
807 2332 871 2397 hoe
893 2331 1000 2395 virum
1023 2329 1145 2415 audire,

116 2420 295 2505 principem
326 2422 407 2487 scire
438 2424 470 2486 et
499 2443 601 2505 usque
629 2444 666 2487 eo
689 2421 855 2487 licentiam
877 2420 1193 2505 pervenissentne

110 2530 183 2582 non
202 2509 274 2575 dieo
294 2511 470 2594 consulari,
487 2531 555 2575 non
574 2510 645 2576 dico
666 2511 787 2594 amico,
805 2510 860 2576 sed
878 2513 1006 2574 tantum
1024 2509 1144 2574 marito

113 2598 265 2683 princeps
303 2603 335 2664 et
371 2598 563 2665 adulterium
605 2622 699 2665 suum
740 2603 848 2665 narret
889 2603 921 2664 et
960 2597 1146 2664 fastidium!

206 2784 222 2838 1
242 2783 378 2840 conuiciis
397 2787 422 2854 (s
440 2786 473 2840 ia
490 2786 558 2854 ras.)
572 2785 600 2846 A
617 2784 628 2857 Η
645 2784 664 2839 2
682 2784 860 2839 dedidicerat
877 2783 1001 2855 &alloes
1019 2789 1046 2838 et
1061 2783 1144 2840 Piae.

118 2854 259 2910 didicerat
278 2857 306 2911 A
328 2856 335 2928 Η
361 2873 411 2911 our
433 2856 458 2911 is
481 2873 551 2912 core.
571 2871 605 2910 ea
628 2871 694 2930 cure
716 2863 750 2912 at
766 2857 820 2912 oid.
841 2855 883 2911 A¹
907 2855 917 2928 Η
942 2854 961 2909 8
983 2855 1146 2926 pervenerit

118 2927 216 2988 Miscet
241 2928 412 2996 peruenerat
430 2929 458 2983 A
480 2926 491 2999 Η
519 2926 538 2982 4
561 2929 604 2981 est
626 2944 648 2982 e.
662 2945 686 2982 o.
702 2927 766 2983 add.
782 2926 824 2982 A¹
841 2930 906 2982 item
924 2932 942 2983 7
966 2925 984 3052 Η
1005 2924 1023 2979 5
1044 2925 1145 2980 volun-

116 2999 207 3052 tatem
221 2998 264 3054 A²
281 3015 349 3055 corr.
365 2999 408 3055 A⁸
429 2999 439 3072 Η
463 2998 482 3054 8
505 2998 596 3054 deerit
619 2999 718 3069 (altem
740 3014 755 3054 e
778 3016 800 3054 s
814 3000 851 3068 o.)
870 2998 912 3053 A¹
933 2997 944 3070 Η
986 2995 1052 3053 00.
1072 2999 1145 3070 eolo.

117 3071 149 3132 G.
169 3095 274 3148 semper
291 3080 349 3147 fere
363 3081 391 3134 A
408 3078 419 3152 Η
436 3079 470 3134 11
490 3079 563 3133 mina
577 3076 697 3135 libidine
711 3079 809 3135 Haase
827 3077 998 3133 mirabiliter
1010 3080 1039 3134 A
1057 3077 1145 3133 mna
1171 3097 1185 3129 ο

117 3147 215 3204 biliter
236 3149 351 3205 furebat
373 3151 404 3205 in
423 3165 522 3206 0.a.n.
537 3149 679 3205 feriendos
703 3151 875 3206 Cornelissen
899 3149 909 3223 Η
936 3147 973 3204 14
995 3148 1097 3222 αηὶΗΗΗ
1115 3151 1144 3206 A

118 3224 217 3292 (Μελ
234 3229 285 3278 aut
302 3227 320 3278 3
338 3223 402 3293 lits.)
419 3222 430 3296 Η
447 3221 484 3277 15
503 3222 726 3277 emendicaticiis
745 3222 828 3278 Gertz
846 3221 1031 3277 emendicatis
1049 3233 1068 3276 s·
1086 3222 1145 3276 em·

118 3293 253 3348 dacitatie
267 3294 309 3349 A¹
324 3294 372 3350 uel
390 3294 532 3349 effidicitis
546 3312 567 3349 s.
577 3311 598 3350 s.
609 3293 652 3350 Δ*
668 3315 671 3355 ι
693 3294 728 3349 17
747 3293 940 3349 inormitatem
954 3294 983 3349 A
999 3292 1010 3365 Η
1028 3292 1064 3348 18
1077 3309 1144 3348 ecn-

117 3365 302 3438 tumeliosslus
317 3368 344 3421 A
364 3383 437 3421 ‘mas
458 3365 480 3436 i)
498 3365 509 3438 Η
526 3365 562 3420 28
578 3364 646 3450 ides]
657 3366 695 3435 (=
708 3365 739 3419 id
754 3366 806 3431 est)
821 3381 883 3423 corr
906 3382 940 3421 ex
953 3365 1030 3419 idem
1044 3365 1077 3420 in
1088 3365 1144 3432 fiae

117 3453 212 3492 versam
225 3437 267 3493 A¹
283 3436 295 3510 Η
311 3435 348 3492 24
365 3437 455 3491 virum
471 3437 570 3491 audire
584 3436 742 3506 principem
756 3437 827 3492 scire
845 3437 1067 3506 iaterpmwttom
1079 3436 1142 3492 sub-

22 3516 30 3526 ’
99 3505 166 3557 lata
174 3507 281 3575 Eme,-
292 3525 352 3564 non
358 3510 465 3580 probo:
480 3505 603 3566 ictuata
617 3516 683 3566 suat
696 3511 823 3565 ememis
835 3509 952 3580 syllabis
961 3510 1143 3564 oeconomia
