2438 3846
373 157 423 212 nu
440 157 505 213 rua
523 157 590 214 nm.
605 157 638 214 11.
672 157 749 212 cre.
766 163 821 214 ιι
1067 162 1109 227 73

88 326 200 389 capere
228 307 376 388 acceptae
400 303 534 368 iniuriae
557 307 590 368 et
612 303 769 369 ultionem
792 304 860 369 eius
884 305 1109 390 concupiscere

88 397 121 460 et
143 397 314 477 utrumque
335 393 542 479 coniungere,
561 414 620 459 nec
637 392 723 458 laedi
741 415 774 458 se
793 392 940 459 debuisse
958 398 991 459 et
1008 394 1111 458 vindi·

88 484 155 549 cari
185 483 310 566 debere,
340 485 478 547 nonest
501 483 569 548 eius
592 483 745 567 impetus,
773 483 829 567 qui
853 483 921 548 sine
944 484 1110 549 uoluntate

88 576 199 638 nostra
222 573 409 638 concitatur.
455 572 510 637 ille
534 573 671 656 simplex
694 575 755 655 est,
780 573 833 638 hic
857 574 1055 657 compositus
1079 577 1111 638 et
1130 589 1146 638 s

58 663 183 747 splura
223 662 405 744 continens;
448 661 608 725 intellexit
649 660 785 745 aliquid,
826 661 1012 747 indignatus
1054 666 1111 743 est,

89 750 266 834 damnavit,
293 751 473 816 ulciscitur:
502 751 582 815 haec
604 771 671 814 nou
693 754 831 835 possunt
852 751 936 834 fieri,
958 751 1022 816 nisi
1046 752 1112 815 ani·

90 862 161 904 mus
184 840 230 905 eis
254 839 371 924 quibus
394 839 587 925 tangebatur
609 839 762 905 adsensus
786 842 842 905 est.

178 927 219 994 II.
256 926 433 1006 ‘Quorsus'
455 929 563 1013 inquis
588 927 681 994 ‘haee
704 929 849 1013 quaestio
872 927 1049 1013 pertinetl'
1075 933 1113 994 ut
1134 948 1147 994 1

91 1019 228 1085 sciamus
261 1017 339 1103 quid
371 1019 413 1083 sit
444 1017 500 1083 ira.
546 1039 622 1082 nam
652 1018 680 1083 si
706 1019 817 1084 invitis
844 1019 938 1084 nobis
960 1019 1112 1102 nascitur,

45 1129 73 1170 ro
89 1130 266 1192 numquam
288 1108 407 1173 rationi
430 1108 623 1173 succumbet.
670 1129 779 1173 omnes
803 1108 889 1173 euim
913 1111 1033 1191 motus,
1057 1109 1113 1192 qui

89 1219 157 1263 ιιοιι
178 1198 345 1262 voluntate
367 1200 479 1263 nostra
501 1197 597 1280 fiunt,
620 1197 735 1262 invicti
754 1200 787 1262 et
804 1197 1006 1262 inevitabiles
1030 1201 1113 1280 sunt,

91 1290 128 1351 ut
155 1287 272 1352 horror
301 1286 420 1373 frigida
449 1287 601 1371 aspersis,
631 1285 672 1350 ed
700 1285 856 1371 quosdam
879 1290 984 1352 tactus
1008 1308 1114 1371 asper-

90 1376 193 1460 nati03
216 1375 256 1440 ad
278 1376 404 1460 peiores
426 1376 558 1441 nuntios
582 1375 792 1461 subriguntur
814 1376 875 1460 pili
897 1379 930 1440 et
951 1376 1051 1441 rubor
1073 1375 1115 1457 ad

91 1465 227 1550 inprobe
245 1465 342 1530 verba
360 1464 556 1530 suffunditur
573 1465 781 1549 sequiturque
797 1465 923 1551 vertigo
941 1470 1115 1549 praerupta

45 1573 73 1615 ιι
92 1553 264 1619 cernentis:
300 1576 438 1639 quorum
466 1554 543 1638 quia
569 1554 653 1618 nibil
679 1553 714 1617 in
740 1557 851 1618 nostra
874 1556 1034 1638 potestate
1057 1558 1114 1637 est,

91 1643 181 1707 nulle
208 1664 272 1727 quo
300 1643 407 1708 minus
432 1643 512 1707 fient
534 1642 617 1707 ratio
640 1641 818 1726 persuadet.
864 1643 912 1708 ira
935 1643 1149 1727 praeceptisa

93 1732 236 1817 fugatur3
265 1735 315 1797 est
331 1731 429 1796 'enim
458 1730 676 1797 voluntarium
707 1731 806 1796 animi
834 1731 962 1816 vitium,
985 1753 1052 1797 non
1075 1754 1114 1797 ex

92 1821 156 1903 his,
179 1842 261 1905 quae
284 1820 473 1887 condicione
497 1819 635 1904 quadam
656 1821 816 1885 humanae
840 1821 935 1886 sortis
963 1821 1115 1887 eveniunt

92 1908 228 1994 ideoque
259 1911 356 1975 etiam
389 1909 633 1994 sapientissimis
666 1909 828 1994 accidunt,
859 1910 942 1974 inter
972 1933 1053 1995 quae
1083 1914 1116 1976 et

47 2018 75 2059 ro
93 1999 216 2084 primus
247 1999 303 2064 ille
335 2000 418 2064 ictus
450 1998 550 2064 animi
581 1999 749 2084 ponendus
781 2002 841 2082 est,
870 2000 925 2083 qui
953 2022 1013 2064 nos
1040 2003 1116 2083 post

93 2088 279 2173 opinionem
297 2089 432 2154 iniuriae
451 2092 567 2154 movet.
602 2089 656 2153 hic
674 2089 762 2154 subit
780 2090 876 2153 etiam
896 2090 979 2153 inter
992 2089 1151 2153 ludicras

93 2179 1008 2353 tttttsstttilttttttttlltttt
1022 2201 1117 2333 tt?

93 2380 166 2423 mur
187 2358 296 2442 irasci;
323 2358 395 2442 quis
418 2379 485 2422 non
508 2361 621 2422 contra
642 2356 725 2422 Mari
749 2379 849 2441 erma,
873 2361 985 2423 eontra
1008 2355 1117 2422 Sullae

47 2463 75 2506 rs
93 2447 363 2531 proscriptionem
400 2446 602 2512 concitatur?
664 2447 736 2530 quis
772 2468 839 2510 non
875 2445 1043 2511 Theodoto
1085 2451 1117 2511 et

93 2533 241 2600 Achillae
273 2537 305 2599 et
337 2536 399 2618 ipsi
429 2557 530 2620 puero
560 2557 627 2600 nou
656 2536 779 2620 puerile
810 2557 887 2600 auso
916 2535 1040 2600 facinus
1071 2536 1117 2599 in-

94 2625 194 2690 festus
222 2622 292 2689 est?
337 2628 450 2690 cantus
477 2646 538 2689 nos
564 2647 808 2709 nonnumquam
831 2628 863 2688 et
886 2624 984 2689 citata
1006 2622 1117 2690 niodu-
1136 2640 1153 2688 4

92 2714 172 2779 latio
189 2713 340 2800 instigat
370 2713 570 2798 Martiusque
600 2714 655 2779 ifle
686 2716 836 2779 tubarum
866 2735 978 2796 sonus3
1010 2718 1118 2779 movet

94 2807 216 2868 mentes
240 2807 272 2869 et
294 2806 388 2868 atrox
410 2804 537 2889 pictura
560 2807 592 2868 et
610 2804 860 2868 iustissimorum
884 2803 1118 2887 suppliciorum

183 2959 202 3015 2
220 2976 272 3016 nec
286 2959 344 3016 ledi
363 2977 393 3016 se
407 2960 475 3016 Aa·
463 2977 495 3015 m
508 2977 562 3016 ras.
578 2959 620 3017 A¹
633 2961 760 3016 babuisse
772 2961 827 3017 cist
843 2959 999 3016 necledisse
1017 2960 1027 3031 11
1047 2959 1061 3014 7
1077 2960 1118 3014 eis

95 3045 112 3086 s
130 3031 191 3088 eius
205 3033 304 3088 Aa
255 3032 258 3105 1
287 3032 421 3116 allseusus
439 3031 482 3089 A⁶
503 3032 514 3104 11
536 3031 570 3086 11
590 3030 757 3088 inuitabiles
775 3032 818 3087 A¹
835 3034 877 3102 (ta
895 3049 929 3087 ex
947 3048 1014 3088 corr.
1029 3033 1119 3100 ipsius

95 3121 129 3159 m
145 3109 162 3159 1
180 3120 251 3174 qaae
268 3104 360 3165 iuuict
377 3104 493 3160 contere
511 3107 645 3174 sospem)
663 3120 734 3160 corr.
748 3104 790 3160 A⁶
807 3102 817 3177 11
836 3103 871 3159 12
884 3104 983 3158 horror
996 3104 1024 3159 A
1044 3103 1119 3172 (bie

94 3191 150 3230 ras.
170 3176 235 3244 sort
254 3193 289 3231 m.
309 3179 336 3245 1)
364 3175 368 3247 1
396 3177 491 3230 taetus
510 3175 552 3230 Al
571 3177 649 3243 (us'
637 3193 669 3230 se
691 3193 746 3232 rua
766 3177 798 3231 s'c
816 3193 872 3260 quc
890 3183 973 3230 antec
990 3175 1015 3229 is
1032 3175 1119 3243 faisse

95 3247 164 3316 aid)
182 3246 193 3318 11
211 3245 246 3300 18
264 3245 350 3302 robur
363 3247 480 3304 A¹eorr
419 3263 534 3303 conen
547 3245 634 3302 rubor
646 3247 689 3304 A⁶
706 3247 716 3320 11
734 3246 769 3302 21
784 3248 834 3302 et
826 3263 884 3302 ram
898 3248 927 3303 A
944 3246 954 3317 11
972 3245 1008 3301 23
1027 3244 1119 3301 clodio

96 3317 252 3373 ciceronem
271 3317 425 3402 expellenti
438 3320 465 3375 L
482 3320 552 3389 eolq.
572 3317 686 3373 claudio
698 3320 839 3402 uiuamus!
853 3317 1006 3388 expellenti
1019 3317 1062 3373 A⁵
1078 3319 1120 3386 (m

95 3406 181 3459 muru.
200 3388 243 3445 A⁸
261 3390 427 3474 ciceronem)
446 3389 489 3449 A¹
506 3390 654 3446 babuerat:
672 3380 759 3445 clod.
775 3390 924 3446 cicerone
943 3388 1093 3444 excellenti
1110 3388 1121 3460 11

55 3493 58 3501 -
95 3459 132 3601 124
149 3460 222 3514 mari
236 3460 387 3517 A¹ccrr.'
375 3480 406 3516 m
424 3461 507 3532 marij
522 3461 565 3517 A⁵
583 3461 586 3533 1
608 3460 698 3517 sullae
713 3460 831 3517 A¹srlle
845 3461 888 3518 A⁵
905 3461 916 3534 11
932 3460 1123 3541 asinaeum

95 3533 175 3601 (erae
195 3533 218 3604 i)
240 3533 268 3588 A
295 3533 298 3605 1
327 3549 424 3602 sonus·
450 3535 544 3588 movet
566 3534 668 3605 interp
694 3534 829 3606 Musteiq3
855 3533 931 3601 ootq
948 3546 1014 3584 nou
1035 3531 1148 3585 intere
