2438 3846
91 145 159 212 350
282 142 313 197 u.
327 141 471 197 armam
489 140 655 197 sarucia
672 140 851 199 omnum.
864 139 925 196 xn

91 290 177 355 inter
204 312 238 355 se
266 288 508 355 cohaerentium
535 287 647 354 seriesz
676 288 723 371 id,
752 287 899 372 inquam,
930 291 1040 355 actum
1062 292 1123 374 est,

92 382 130 443 ut
156 379 194 443 in
224 379 366 444 alienum
396 377 567 443 arbitrium
596 377 662 442 nisi
690 377 850 443 vilissima
878 398 1026 463 quaeque
1052 400 1123 443 non

56 485 74 532 4
93 467 251 534 caderent.
298 466 457 552 quidquid
479 466 639 551 optimum
661 465 788 532 homini
810 470 873 552 est,
896 467 930 532 id
952 471 1044 534 extra
1061 467 1122 533 hu-

93 579 222 623 manam
257 557 437 642 potentiam
469 557 565 641 iacet,
601 577 662 621 nec
695 555 765 626 dari
795 577 856 640 nec
888 557 971 642 eripi
1002 560 1120 642 potest.

93 646 232 712 mundus
264 647 332 729 hic,
365 667 431 730 quo
462 645 547 710 nihil
572 667 678 730 neque
705 645 810 712 maius
837 666 943 731 neque
974 646 1121 713 ornatius
1153 667 1168 709 s

92 757 201 801 rerum
227 739 345 801 natura
368 735 493 822 genuit,
516 739 550 800 et
571 735 699 801 animus
722 736 961 819 contemplator
984 735 1122 801 admira-

93 829 210 909 torque
244 824 371 908 mundi,
405 846 481 909 pars
516 823 585 889 eius
619 823 953 910 magnificentissima,
987 825 1123 910 propria

93 915 188 981 nobis
212 918 245 980 et
266 917 423 999 perpetua
445 917 478 978 et
500 916 568 978 tam
592 913 648 978 diu
670 914 842 980 nobiscum
864 935 1018 980 mansura
1035 919 1123 1001 eunt,

59 1019 193 1088 tquam
225 1003 282 1069 diu
311 1003 376 1088 ipsi
407 1003 617 1068 manebimus.
663 1003 784 1069 alacres
816 1003 927 1089 itaque
954 1007 988 1069 et
1015 1005 1124 1089 erecti,

95 1114 300 1178 quocumque
331 1115 383 1158 res
415 1093 540 1176 tulerit,
572 1091 734 1177 intrepido
767 1092 871 1178 gradu
902 1114 1124 1178 properemus,
1140 1114 1166 1155 ro

94 1182 285 1248 emetiamur
307 1202 527 1266 quascumque
549 1184 664 1246 terras:
686 1181 814 1247 nullum
833 1181 972 1247 inveniri
989 1181 1123 1248 exilium

94 1271 181 1337 intra
203 1270 360 1337 mundum
377 1275 496 1353 potest;
524 1271 607 1336 etto
628 1272 726 1349 enim,
753 1273 837 1353 qaod
858 1272 946 1338 intro
967 1273 1123 1338 ermom

95 1364 158 1445 est,
190 1360 332 1426 alienum
363 1359 489 1425 homini
521 1363 579 1424 est.
625 1360 850 1444 undecumque
883 1381 924 1426 ex
950 1381 1054 1444 aequo
1082 1360 1125 1427 ed

95 1451 220 1516 caelum
244 1448 379 1535 erigitur
402 1449 501 1534 acies,
523 1449 655 1534 paribus
679 1449 858 1515 intervallis
878 1449 991 1515 omnia
1015 1449 1129 1516 divina·

60 1553 77 1602 o
95 1538 135 1604 ab
160 1538 309 1605 omnibus
332 1538 483 1604 humanis
507 1538 636 1604 distant.
682 1539 832 1624 proinde,
854 1538 932 1604 dum
955 1533 1042 1605 oculi
1059 1538 1125 1605 mei
1142 1557 1169 1601 re

96 1627 136 1693 ab
163 1628 221 1693 illo
250 1627 449 1712 spectaculo,
477 1627 569 1693 euius
596 1627 795 1693 insatiabiles
819 1631 908 1713 eunt,
934 1649 1004 1694 non
1026 1628 1125 1695 abdu-

96 1720 225 1802 cantur,
248 1717 325 1782 dum
348 1717 435 1782 mihi
453 1718 554 1783 solem
576 1717 753 1801 lunamque
775 1717 896 1783 intueri
910 1717 1024 1803 liceat,
1045 1718 1125 1784 dum

96 1806 211 1873 ceteris
233 1805 399 1872 inhaerere
422 1805 596 1891 sideribus,
625 1805 703 1871 dum
727 1810 818 1872 ortus
841 1829 954 1873 eorum
974 1828 1125 1874 occasus·

98 1916 160 1979 que
200 1899 233 1960 et
273 1895 444 1961 intervalla
484 1898 517 1960 et
558 1917 671 1961 causas
712 1895 907 1982 investigare
944 1897 997 1962 vel
1034 1896 1124 1963 ocius

96 1984 225 2050 meandi
255 1985 309 2050 vel
339 1984 477 2068 tardius,
509 1989 654 2070 spectare
683 1989 736 2050 tot
762 2007 820 2070 per
851 1988 981 2052 noctem
1014 1987 1125 2052 stellas
1143 2006 1170 2049 so

96 2071 246 2139 micantis
283 2076 316 2139 et
346 2073 426 2139 alias
458 2073 657 2160 immobiles,
692 2075 772 2140 alias
804 2095 872 2140 non
903 2075 940 2140 in
970 2096 1126 2162 maguum

98 2163 238 2247 spatium
275 2163 422 2229 exeuntis
460 2163 516 2228 sed
552 2163 640 2230 intra
675 2184 771 2244 suum
809 2185 843 2229 se
875 2164 1126 2251 circumagentis

97 2251 286 2338 vestigium,
314 2252 469 2335 quasdam
496 2251 606 2318 subito
630 2252 842 2339 erumpentis,
870 2252 1027 2336 quasdam
1049 2252 1127 2340 igne

54 2411 57 2420 ,
97 2339 171 2406 fuso
198 2341 472 2428 praestringentes
500 2341 616 2426 aciem,
645 2341 737 2426 quasi
760 2341 924 2427 decidant,
950 2342 1004 2408 vel
1024 2342 1126 2430 longo

98 2432 205 2497 tractu
232 2451 305 2495 cum
332 2430 406 2496 luce
434 2431 537 2497 multa
559 2432 848 2517 praetervolantes,
876 2432 954 2498 dum
977 2453 1052 2498 cum
1074 2432 1127 2498 his
1145 2451 1174 2494 se

98 2519 217 2585 simet
234 2519 440 2605 caelestibus,
464 2542 528 2605 qua
545 2519 738 2586 hominifas
757 2524 819 2605 est,
841 2520 1025 2606 inmiscear,
1048 2520 1128 2588 dum

99 2609 244 2688 animum
271 2609 312 2674 ad
340 2613 553 2696 cognatarum
575 2632 684 2676 rerum
707 2613 918 2695 conspectum
940 2610 1128 2677 tendentem

99 2696 288 2853 &sublimi
311 2719 438 2784 semper
460 2699 611 2764 habeam:
635 2701 793 2784 quantum
817 2698 917 2765 refert
939 2721 1025 2785 mea,
1049 2700 1132 2784 quid,

151 2807 220 2853 cem

190 3069 208 3124 b
233 3071 262 3125 et
286 3070 351 3125 odd.
373 3070 456 3126 Gertz
482 3070 493 3143 ΙΙ
519 3069 554 3124 11
581 3071 766 3144 emetliomor
786 3071 829 3127 A*
858 3072 861 3144 l
891 3071 1008 3128 exilium
1031 3074 1131 3129 Haase

100 3141 205 3197 billum
219 3142 248 3197 A
265 3140 276 3214 ΙΙ
293 3141 329 3196 12
347 3143 429 3198 cerba
447 3142 583 3211 quaedam
600 3143 771 3199 intercidisse
784 3144 896 3213 prim
912 3145 985 3200 vidit
998 3145 1130 3216 Modor'y,

100 3215 202 3270 moiseo
223 3214 324 3283 optime
346 3215 466 3270 restituit
490 3213 594 3269 Vahlen
616 3214 757 3271 addeum:
784 3216 928 3285 <potest;
954 3215 1027 3270 nihil
1052 3215 1129 3272 enim

101 3284 177 3354 quod
195 3284 272 3340 intra
289 3284 462 3354 mundum>
480 3283 491 3358 Η
513 3283 548 3340 18
565 3283 675 3359 inerere
689 3286 717 3341 A
740 3285 751 3360 ll
772 3285 808 3342 1o
826 3286 968 3342 velocius
987 3287 1017 3344 0.
1032 3287 1069 3343 F.
1084 3288 1130 3344 W.

39 3411 41 3414 .
101 3357 208 3426 Maller
225 3355 349 3412 velocius
363 3356 392 3412 A
413 3355 424 3430 ll
446 3355 483 3411 20
500 3356 546 3412 rel
563 3357 674 3412 tardius
692 3358 761 3429 eolo.
780 3357 919 3432 uelldiuss
930 3358 958 3413 A
977 3360 1058 3428 (erce
1077 3360 1102 3430 s)
1122 3359 1127 3432 Ι
1209 3414 1211 3420 .

101 3428 169 3483 dum
192 3435 256 3485 onte
278 3429 407 3498 spectare
420 3428 494 3496 ,aaa
516 3428 597 3485 Gertz
617 3430 801 3500 probabiliter
823 3429 834 3503 Η
858 3429 895 3485 24
915 3429 997 3485 funso
1011 3430 1040 3485 A
1058 3447 1128 3487 corr.

89 3501 159 3569 τιοζα.
175 3497 201 3572 sl
208 3499 250 3556 28
263 3498 391 3556 babeam
410 3500 480 3574 eolo.
499 3498 608 3557 habeat
623 3502 651 3557 A
