2438 3846
364 160 581 218 namnum.
595 160 629 217 n.
663 160 740 218 cnr.
756 167 797 218 u.
814 168 848 217 14
1072 165 1115 232 85

95 307 201 373 visum
233 310 297 392 est,
328 307 464 373 arduum
493 307 529 372 in
557 306 694 373 virtutes
724 311 757 374 et
786 328 936 392 asperum
965 307 1027 374 iter
1054 313 1116 375 est:

95 397 193 482 plano
225 397 391 463 adeuntur.
436 417 504 462 non
534 417 636 464 vanae
667 396 760 463 vobis
792 400 906 464 auctor
935 397 983 463 rei
1011 397 1150 464 venius

95 485 199 552 facilis
232 489 282 552 est
313 486 354 552 cd
386 486 512 551 beatem
544 485 646 552 vitam
677 486 743 551 viar
780 486 861 554 inite
893 487 990 553 modo
1021 486 1116 554 bonis

95 575 247 661 auspiciis
265 575 409 661 ipsisque
428 575 477 640 dis
495 575 577 641 bene
595 574 790 641 iuvantibus.
827 576 932 642 multo
952 575 1116 643 difficilius

65 669 145 731 sest
176 664 280 731 facere
311 665 375 731 ista
407 686 489 749 quae
520 663 635 731 facitis.
689 664 767 751 quid
796 669 846 731 est
876 665 977 731 animi
1009 664 1117 751 quiete

96 753 247 838 otiosius,
274 754 351 838 quid
379 753 427 819 ire
453 753 668 820 laboriosius?
713 754 792 840 quid
815 754 986 821 clementia
1007 755 1118 821 remis·

95 843 177 927 sius,
212 843 290 928 quid
327 843 515 909 crudelitate
551 843 774 930 negotiosius?
827 847 922 910 vacat
952 844 1118 929 pudicitia,

94 931 195 998 libido
228 930 476 1018 occupatissima
507 935 564 999 est.
616 933 761 998 omnium
791 933 930 1018 denique
958 932 1117 1000 virtutum

95 1023 198 1088 tutela
229 1022 333 1088 facilis
366 1025 428 1106 est,
463 1022 544 1088 vitia
576 1042 698 1108 magno
731 1023 891 1088 coluntur.
944 1022 1038 1089 debet
1069 1022 1152 1088 iras

51 1130 79 1187 so
95 1111 253 1176 removeri
285 1148 327 1158 -
357 1111 420 1176 hoc
451 1133 490 1176 ex
519 1113 610 1195 parte
640 1110 783 1177 fatentur
805 1112 904 1178 etiam
927 1111 983 1196 qui
1006 1111 1118 1178 dicunt

96 1220 165 1266 esse
187 1199 394 1266 minuendam
417 1224 476 1264 -τ
511 1204 582 1266 tota
612 1199 807 1287 dimittatur,
836 1201 919 1266 nihil
947 1201 1119 1286 profutura

96 1292 152 1354 est.
195 1289 264 1355 sine
287 1289 344 1355 illa
365 1289 492 1355 facilius
514 1289 699 1373 rectiusque
719 1291 839 1356 scelera
856 1291 1022 1374 tollentur,
1041 1290 1119 1356 meli

95 1376 272 1463 punientur
303 1382 336 1444 et
367 1378 615 1444 transducentur
651 1379 685 1444 in
717 1378 841 1445 nehus.
894 1379 1004 1445 omnia
1035 1400 1118 1463 quae

96 1467 192 1533 debet
221 1467 349 1553 sapiens
377 1467 446 1533 sine
473 1466 572 1533 ullius
599 1469 703 1533 malae
725 1468 773 1533 rei
796 1467 974 1534 ministerio
998 1468 1119 1535 efficiet

51 1573 79 1631 ιι
95 1555 241 1641 nihilque
286 1555 490 1640 admiscebit‚
534 1557 625 1623 cuius
672 1557 804 1622 modum
850 1557 1020 1623 sollicitius
1063 1557 1118 1623 ola

96 1651 209 1712 servet.
1080 1654 1081 1657 ’

185 1733 272 1800 XIV.
308 1733 496 1820 Numquam
519 1736 630 1820 itaque
651 1734 817 1800 iracundia
839 1734 1039 1805 admittenda
1061 1740 1120 1824 est,
1140 1753 1152 1800 1

96 1823 270 1910 aliquando
293 1824 489 1909 simulanda,
512 1824 539 1889 si
563 1845 677 1911 segnes
699 1823 899 1890 audientium
923 1825 1022 1890 animi
1045 1847 1119 1891 con-

97 1913 218 1979 citandi
240 1917 331 1998 suut,
353 1913 438 1980 sicut
459 1915 550 1980 tarde
568 1914 792 2000 consurgentis
811 1914 851 1979 ad
870 1935 999 1980 cursum
1018 1935 1119 1998 equos

52 2023 79 2064 ro
97 2001 237 2068 stimulis
267 2003 456 2088 facibusque
483 2003 620 2068 subditis
644 2002 830 2069 excitamus.
875 2003 1049 2088 aliquando
1072 2004 1120 2068 in·

97 2091 266 2158 cutiendus
296 2097 345 2158 est
374 2092 414 2157 iis
442 2096 547 2159 metus
575 2095 654 2178 aput
677 2113 759 2177 quos
782 2091 864 2158 ratio
887 2114 955 2157 non
976 2092 1119 2178 proficit:

97 2180 192 2247 irasci
211 2180 340 2265 quidem
358 2204 426 2248 non
443 2182 547 2269 magis
565 2181 646 2248 utile
665 2185 714 2247 est
731 2203 828 2266 quam
846 2203 1004 2266 maerere,
1023 2203 1120 2266 quam

97 2272 249 2336 metuere.
287 2270 382 2355 ‘quid
405 2271 505 2357 ergo?
539 2293 607 2336 non
628 2270 776 2337 incidunt
798 2292 913 2338 causae
936 2293 1018 2355 quae
1038 2271 1155 2337 irams

97 2359 294 2426 lacessantl'
340 2360 396 2426 sed
425 2364 503 2427 tunc
532 2361 672 2426 maxime
699 2359 748 2425 illi
771 2361 982 2446 opponendae
1005 2381 1119 2430 manus

53 2466 80 2508 ss
98 2452 184 2514 sunt.
227 2470 288 2515 nec
315 2452 365 2515 est
391 2449 524 2516 difficile
549 2451 677 2516 vincere
700 2449 859 2534 animum,
881 2471 955 2516 cum
978 2450 1119 2516 athletae

98 2559 228 2622 quoque
259 2538 295 2603 in
325 2538 482 2604 vilissima
514 2539 565 2605 sui
597 2541 689 2625 parte
721 2539 870 2624 occupati
899 2542 1009 2605 tamen
1035 2539 1120 2604 ictus

98 2625 290 2712 doloresque
320 2626 497 2712 patientur,
534 2632 571 2694 ut
603 2629 687 2693 vires
723 2627 884 2694 caedentis
921 2627 1122 2713 exhaurient,

97 2735 158 2781 nee
176 2736 250 2781 cum
268 2715 316 2780 ire
334 2716 457 2800 suadet,
474 2716 601 2800 ferient,
619 2716 674 2783 sed
693 2737 768 2782 cum
787 2715 921 2783 occasio.
959 2715 1120 2801 Pyrrhum
1139 2731 1155 2781 s

99 2804 276 2870 maximum
307 2808 548 2891 praeceptorem
585 2806 769 2873 certaminis
806 2804 950 2892 gymnici
987 2805 1120 2870 solitum

53 2910 80 2952 eo
98 2892 189 2958 aiunt
220 2893 260 2959 iis
293 2915 375 2978 quos
405 2896 572 2961 exercebat
601 2895 800 2980 praecipere,
826 2917 867 2960 ne
894 2893 1122 2979 irascerenhrr3

188 3100 306 3156 2uobis
320 3103 347 3158 L
365 3109 397 3158 ut
413 3103 458 3158 col
477 3145 482 3154 .
500 3102 581 3158 nobis
595 3105 623 3158 A
641 3102 652 3175 {l
669 3102 854 3158 dadbeatam
868 3105 905 3170 A,
923 3103 941 3157 d
962 3119 996 3159 ex
1013 3101 1031 3156 b
1050 3119 1121 3158 corr.

97 3174 161 3241 fort.
176 3178 242 3228 m.1
265 3173 276 3246 ΙΙ
300 3172 336 3228 18
358 3173 389 3227 in
411 3120 514 3229 medus
536 3175 597 3229 tolli
617 3176 675 3230 cult
695 3175 845 3230 Michaelis
866 3173 1122 3242 eozl.diaz.15,2

98 3247 260 3314 cp.100,10
278 3243 289 3317 ll
310 3243 346 3300 lt
364 3243 513 3300 sollicitius
528 3245 555 3300 A
573 3245 712 3301 sollicitus
730 3245 800 3317 volu.
818 3245 834 3349 lq
851 3243 887 3300 21
907 3244 984 3314 apud
1002 3244 1033 3315 (d
1050 3261 1120 3301 corr.

98 3332 133 3372 ee
150 3317 173 3386 t)
187 3315 230 3373 A¹
246 3323 279 3373 ut
295 3318 407 3387 cosmae
428 3315 439 3390 ll
460 3315 496 3372 28
514 3332 617 3373 causes
631 3317 673 3373 A⁶
691 3332 778 3373 causa
792 3319 820 3373 A
857 3317 861 3391 Ι
886 3332 960 3386 quae
977 3317 1046 3390 culp.
1066 3332 1121 3386 que

98 3389 130 3444 iu
156 3405 212 3445 rus.
235 3389 278 3447 A⁵
303 3391 444 3460 smptus
465 3388 508 3445 A¹
529 3389 617 3459 pluas
643 3407 725 3447 oasa
757 3389 768 3463 ΙΙ
800 3389 837 3446 28
863 3387 968 3445 feriant
992 3405 1009 3448 ς
1039 3388 1122 3446 Gens

98 3458 205 3587 {pirrirqnt
230 3462 274 3589 AL
291 3460 473 3530 exhauriant3
505 3476 557 3517 nec
572 3473 587 3517 ·.
610 3506 616 3518 .
639 3505 645 3518 .
670 3460 777 3518 feriunt
805 3461 858 3518 Uul
891 3461 895 3534 Ι
929 3460 1069 3531 Phyrrum
1092 3463 1121 3523 A

179 3549 229 3588 um
