2438 3846
255 153 305 208 DE
324 151 558 208 CONSTANTIA
577 152 765 208 SAPIENTIS
785 151 861 211 cAP.
878 160 920 210 16.
938 161 969 208 17
1081 157 1124 222 41

100 300 184 366 illud
207 299 295 386 quod
313 299 510 366 contumelia
527 299 666 364 dicitur?
698 300 733 364 in
746 301 861 384 capitis
880 301 945 365 mei
961 300 1126 365 levitatem

100 393 226 457 iocatus
258 392 307 455 est
334 392 366 454 et
393 389 427 453 in
454 390 623 454 oculorum
646 389 856 454 valitudinem
884 395 916 454 et
939 391 973 455 in
996 412 1127 456 crurum

101 480 316 568 gracilitatem
339 481 371 544 et
394 480 428 544 in
451 482 621 545 staturam:
644 500 725 562 quae
749 480 945 544 contumelia
968 480 1126 563 estquod

101 573 236 655 apparet
263 567 394 634 audire?
439 589 548 634 coram
578 590 643 633 uno
673 569 797 653 aliquid
824 569 946 634 dictum
976 569 1128 653 ridemus,

69 669 211 726 scoram
247 659 394 743 pluribus
436 657 656 743 indignamur,
697 663 746 747 et¹
770 680 882 724 eorum
922 659 993 724 aliis
1032 660 1125 724 liber-

100 751 201 814 tatem
246 770 313 812 non
359 747 586 831 relinquimus,
629 769 710 831 quae
748 748 812 831 ipsi
850 749 885 812 in
920 770 980 813 nos
1022 748 1126 812 dicere

101 837 320 921 adsuevimus3
361 837 441 903 iocis
482 837 668 921 temperatis
711 836 919 920 delectamur,
956 836 1126 902 inmodicis

101 949 280 994 uasermur.

190 1013 293 1081 XVII„
322 1012 520 1099 Chrysippus
544 1015 590 1078 ait
613 1015 772 1098 quendam
795 1015 1014 1101 indignatum,
1040 1016 1127 1098 quod
1148 1035 1161 1081 1

55 1106 193 1171 millum
226 1105 343 1188 aliquis
371 1126 536 1170 vervecem
570 1105 730 1168 marinum
763 1104 895 1169 dixerat.
948 1105 982 1169 in
1014 1109 1126 1171 senatu

99 1196 230 1261 flentem
264 1195 403 1260 vidimus
445 1192 562 1259 Fidum
600 1191 798 1277 Cornelium,
838 1193 979 1259 Nasonis
1019 1193 1127 1259 Ovidii

98 1306 266 1372 generum,
284 1304 358 1349 eum
376 1284 470 1347 illum
485 1281 626 1348 Corbulo
645 1283 932 1351 struthocamelum
951 1284 1126 1368 depilatum

99 1375 246 1456 dixisset;
272 1374 423 1438 aduersus
447 1374 511 1437 alia
538 1373 708 1437 maledicta
737 1395 843 1439 mores
870 1377 903 1438 et
929 1374 1030 1438 vitam
1053 1395 1127 1438 con-

97 1463 301 1530 vulnerantia
322 1463 439 1527 frontis
467 1462 517 1526 illi
544 1461 679 1526 firmitas
703 1463 864 1545 constitit,
886 1462 1037 1528 adversus
1064 1463 1127 1527 hoe

54 1573 80 1614 rs
97 1556 167 1618 tam
196 1552 370 1618 absurdum
399 1551 550 1616 lacrimae
578 1550 798 1634 prociderunt:
827 1555 918 1616 tanta
946 1554 1126 1616 animorum

98 1641 291 1707 inbecillitas
320 1644 383 1723 est,
409 1640 466 1704 ubi
495 1641 578 1705 ratio
602 1640 756 1705 discessit.
803 1641 895 1724 quid,
919 1641 1005 1724 quod
1029 1641 1162 1706 offen-2

99 1731 219 1812 dimur,
251 1731 280 1797 si
311 1730 384 1813 quis
421 1751 602 1795 sermonem
634 1733 781 1794 nostrum
810 1730 969 1813 imitatur,
996 1730 1024 1794 si
1054 1732 1126 1813 quis

98 1821 274 1902 incessum,
302 1820 330 1885 si
358 1819 430 1902 quis
454 1819 570 1883 vitium
594 1819 726 1903 aliquod
749 1819 894 1903 corporis
919 1817 1126 1904 aut'linguae

99 1907 273 1993 exprimit?
318 1909 411 1993 quasi
433 1909 562 1973 notiora
585 1909 643 1973 illa
665 1908 744 1973 fiant
767 1909 832 1973 alio
859 1909 1006 1972 imitante
1030 1930 1126 1992 quam

52 2019 81 2060 eo
98 1998 193 2064 nobis
222 1997 430 2063 facientibusl
475 2001 672 2064 senectutem
703 1998 835 2082 quidem
867 1998 962 2062 inviti
993 1997 1127 2062 audiunt

99 2091 132 2152 et
159 2109 256 2154 canos
285 2090 317 2152 et
343 2088 408 2153 alia
430 2088 471 2152 ad
495 2110 576 2172 quae
599 2091 677 2153 voto
700 2089 899 2172 pervenitur3
928 2087 1126 2171 paupertatis

99 2177 307 2243 maledictum
331 2177 488 2261 quosdam
511 2179 665 2262 perussit,
693 2199 790 2262 quam
814 2177 876 2244 sibi
900 2177 1019 2242 obiecit
1041 2176 1127 2260 quis·

99 2267 173 2352 quis
196 2267 378 2333 abscondit:
401 2267 510 2352 itaque
533 2269 667 2333 materia
687 2268 907 2352 petulantibus
926 2271 958 2332 et
976 2288 1034 2350 per
1052 2287 1126 2332 con·

97 2357 266 2423 tumeliam
298 2357 429 2423 urbanis
462 2357 654 2441 detrahitur,
686 2359 714 2423 si
745 2359 831 2423 ultro
860 2358 950 2422 illam
979 2360 1010 2421 et
1037 2356 1127 2439 prior

52 2465 80 2508 re
99 2468 253 2532 occupes,
277 2468 373 2511 nemo
402 2447 503 2512 risum
526 2448 675 2531 praebuit
698 2448 754 2532 qui
777 2470 817 2513 ex
840 2469 874 2513 se
897 2446 989 2530 cepit.
1036 2444 1126 2510 Vati·
1145 2463 1160 2510 3

96 2537 203 2618 nium,
225 2536 391 2601 hominem
414 2540 526 2601 natum
546 2540 579 2602 et
597 2537 638 2602 ad
660 2537 761 2602 risum
781 2541 813 2601 et
832 2536 872 2601 ad
891 2536 1016 2619 odium,
1038 2555 1126 2601 scur-

97 2648 168 2690 ram
190 2625 290 2691 fuiese
313 2630 346 2691 et
359 2630 530 2692 venustum
550 2648 588 2693 ac
604 2626 745 2691 dicacem
764 2627 938 2691 memoriae
960 2624 1125 2710 proditum

98 2719 155 2781 est.
202 2715 236 2780 in
263 2715 361 2800 pedes
389 2738 464 2781 suos
493 2717 562 2800 ipse
588 2716 729 2800 plurima
756 2716 882 2781 dicebat
905 2719 937 2779 et
960 2716 994 2778 in
1017 2715 1125 2780 fauces

97 2804 258 2870 concisas:
290 2806 338 2871 sic
365 2806 585 2889 inimieorum,
618 2827 699 2890 quos
727 2806 835 2888 plures
862 2805 1000 2869 habebat
1028 2825 1124 2887 quam

51 2913 79 2954 ao
97 2894 245 2978 morbos,
272 2897 304 2958 et
331 2895 366 2959 in
393 2895 507 2978 primis
532 2892 695 2961 Ciceronis
722 2895 937 2960 urbanitatem
960 2893 1123 2979 effugerat.

187 3103 206 3160 8
225 3120 280 3174 que
294 3105 322 3160 A
370 3105 385 3160 7
405 3105 587 3160 adsueuimus
606 3123 674 3161 corr.
690 3107 721 3160 iu
741 3121 799 3159 ess·
817 3106 881 3173 fort.
897 3103 940 3160 A’
952 3103 963 3176 ΙΙ
976 3104 1012 3158 10
1025 3103 1123 3159 berbe-

98 3192 159 3231 cem
173 3177 201 3232 A
218 3193 288 3232 corr.
303 3189 321 3231 ς
366 3176 403 3231 12
417 3177 574 3247 depilatum
588 3180 617 3233 A
635 3178 696 3233 tolli
714 3178 770 3233 uolt
788 3178 872 3233 Gertz
889 3184 1030 3246 tamquam
1048 3183 1125 3232 celae

97 3249 317 3304 adcrementum
345 3248 542 3319 deplumatum
563 3250 681 3320 Bentley
708 3249 718 3321 ll
744 3248 779 3303 18
800 3250 889 3303 vitam
911 3249 1065 3319 calpiade
1088 3250 1123 3302 ab

98 3319 226 3376 Ercem.²
239 3319 313 3374 uitia
327 3321 354 3375 A
374 3321 378 3393 1
399 3323 428 3375 et
443 3321 677 3376 conuulnerantia
689 3323 717 3377 A
731 3322 779 3378 sed
797 3323 827 3376 et
839 3327 937 3391 postea
955 3321 1071 3375 deletum
1084 3328 1124 3375 est

98 3390 158 3445 eius
181 3407 264 3446 conv-
284 3391 367 3448 Gertz
389 3392 400 3464 ll
425 3392 460 3447 20
478 3393 593 3461 quidem
608 3395 635 3448 A
654 3409 723 3449 corr.
744 3394 812 3464 uolp.
831 3392 895 3476 1125
914 3391 990 3463 cepit
1004 3394 1031 3447 A
1049 3392 1124 3446 unde

98 3463 193 3531 eoepit
208 3463 287 3519 Koch
304 3463 315 3536 ll
337 3463 371 3519 27
392 3466 421 3518 et
438 3466 587 3518 venustum
601 3465 629 3519 A
648 3467 678 3519 et
696 3467 733 3535 (=
747 3468 777 3521 et
796 3464 910 3534 quidem
929 3463 985 3530 cfr.
999 3467 1134 3530 ple&

97 3536 173 3604 epet.
185 3535 224 3590 H.
235 3551 267 3605 p.
277 3539 322 3603 97,
332 3541 350 3590 6
353 3557 367 3604 ;
380 3540 441 3605 121,
452 3539 498 3608 15)
516 3538 595 3610 volpe
613 3537 721 3596 deletur
