2438 3846
94 146 116 210 4
299 142 330 197 L.
349 141 492 197 ANNAEI
510 141 675 198 SENECAE
693 143 789 197 DIAL.
804 141 871 197 LIB.
885 142 907 198 Ι.

95 239 283 373 querantur,
305 288 460 374 quicquid
482 288 600 354 auum
622 288 701 353 boni
724 288 907 372 consulant,
934 288 969 352 n
991 287 1117 353 bonum

93 381 229 444 vertant.
274 399 342 443 non
368 376 446 461 quid
473 377 530 443 sed
558 377 829 463 quemadmodum
858 377 942 444 feras
971 377 1117 442 interest.

58 482 161 532 anon
188 466 278 532 vides
311 471 432 551 quanto
467 467 561 533 aliter
591 471 714 552 patres,
743 467 837 532 alitor
864 470 983 532 matres
1010 465 1118 531 indul·

94 555 214 643 gaunt?
244 556 294 622 illi
321 555 453 622 excitari
480 557 594 622 iubent
619 556 739 623 liberos
767 555 807 621 ad
833 556 941 622 studia
968 555 1118 622 obeunda

93 649 232 730 mature,
267 644 390 710 ferians
428 667 557 731 quoque
594 645 707 711 diebus
743 667 810 711 non
846 645 1015 730 patiuntur
1047 666 1117 710 essa
1151 667 1164 707 s

94 735 216 801 otiosos
247 739 280 800 et
311 735 461 800 sudorem
490 735 556 800 illis
588 738 622 800 et
652 733 814 801 intardum
843 734 992 801 lacrimas
1023 748 1118 800 excu-

93 824 194 909 tiunt3
225 829 260 889 at
290 828 409 891 manes
440 825 549 891 fovere
581 825 617 890 in
639 825 726 909 sinu,
758 824 922 891 continere
945 825 980 890 in
1001 823 1119 889 umbra

93 914 222 998 volunt,
253 935 431 997 numquam
464 914 673 998 contristari‚-
693 934 870 999 numquam
903 914 994 999 flere,
1025 936 1119 979 num·

59 1020 191 1088 squam
221 1002 376 1068 laborare.
421 1003 563 1089 patrium
594 1003 672 1068 deus
698 1003 798 1069 habet
828 1002 980 1069 adversus
1013 1003 1118 1068 bonos

93 1092 180 1158 viros
204 1093 348 1158 animum
371 1097 404 1157 et
422 1089 496 1158 illos
515 1093 643 1159 fortiter
661 1096 749 1158 amat
766 1097 800 1158 et
818 1091 992 1176 ‘operibus’
1010 1091 1119 1175 inquit
1138 1114 1165 1155 m

94 1181 287 1266 <doloribus,
322 1181 448 1247 damnis
485 1182 703 1269 exagitentur,
738 1186 777 1247 ut
812 1204 925 1247 verum
962 1182 1119 1268 colligant

93 1270 213 1337 robur?
257 1272 491 1358 languentper
508 1271 657 1337 inertiam
677 1271 824 1358 saginata
841 1292 902 1337 nec
919 1271 1030 1338 labore
1047 1275 1119 1335 tan·

94 1364 164 1425 tum
193 1361 249 1426 sed
277 1365 369 1427 motu
392 1366 426 1426 et
447 1361 519 1446 ipso
547 1361 598 1427 sui
626 1382 722 1426 onere
753 1361 915 1426 deficiunt.
960 1381 1028 1426 non
1054 1359 1120 1425 fert

94 1450 198 1515 ullum
221 1451 323 1515 ictum
345 1450 468 1516 inlaesa
490 1449 643 1536 felicitas3
672 1454 706 1515 at
730 1450 783 1516 cui
806 1449 935 1515 assidua
956 1450 1020 1515 fuit
1044 1470 1118 1514 cum

93 1539 308 1605 incommodis
338 1539 404 1605 suis
432 1540 516 1623 rixa,
545 1540 664 1606 callum
692 1561 750 1625 per
776 1540 909 1605 iniurias
938 1539 1031 1604 duxit
1058 1559 1119 1604 nec
1139 1561 1165 1601 1⁵

93 1628 155 1694 ulli
181 1630 267 1694 malo
296 1629 382 1694 cedit
409 1629 586 1695 sedetiam
615 1628 643 1694 si
666 1628 782 1695 cecidit
809 1629 847 1694 de
871 1651 958 1716 genu
984 1631 1118 1714 pugnat.

59 1717 220 1783 smiraris
250 1722 302 1803 tu,
333 1719 362 1784 ai
391 1718 469 1784 deus
499 1718 555 1784 ille
585 1718 745 1784 bonorum
775 1718 1030 1801 amantissimus,
1062 1717 1120 1802 qui

93 1807 169 1873 illos
200 1830 298 1893 quam
328 1808 469 1892 optimos
499 1829 569 1874 esse
596 1812 694 1893 atque
724 1808 1010 1873 excellentissimos
1038 1807 1120 1890 vult,

93 1895 259 1963 fortunam
277 1897 343 1963 illis
362 1919 436 1964 cum
456 1919 521 1983 qua
538 1901 752 1964 'exerceantur
769 1896 939 1984 adsignat?
962 1918 1022 1983 ego
1041 1918 1118 1962 vero

93 2007 161 2055 non
192 1987 306 2071 miror,
338 1986 366 2052 si
393 1986 567 2072 aliquando
599 1987 757 2072 impetum
787 1988 920 2072 capiunt
952 1985 1120 2071 spectandi
1138 2008 1166 2048 ao

58 2091 75 2140 8
94 2096 230 2163 magnos
248 2075 335 2141 viros
354 2076 569 2143 conluctantis
585 2097 661 2143 cum
680 2075 789 2161 aliqua
807 2075 998 2141 calamitate.
1021 2075 1117 2141 nobis

93 2164 257 2231 interdum
280 2165 443 2251 voluptati
466 2169 530 2249 est,
555 2165 583 2230 si
606 2165 793 2231 adulescens
817 2165 996 2232 constantis
1020 2163 1121 2230 animi

94 2254 269 2320 iuuentem
297 2254 399 2320 faram
417 2254 578 2321 venabulo
602 2255 742 2339 excepit,
772 2255 800 2320 si
822 2254 926 2320 leonis
953 2255 1119 2320 incursum

93 2343 261 2410 intonitus
275 2345 419 2429 pentulit,
436 2347 594 2429 tantoque
607 2344 671 2409 hoc
685 2344 905 2429 spectaculum
921 2347 970 2409 est
986 2343 1121 2430 gratius,

95 2438 217 2518 quanto
239 2433 274 2498 id
291 2433 459 2499 honestior
481 2433 568 2499 fecit.
612 2455 681 2500 non
698 2437 775 2498 sunt
792 2433 869 2518 ista,
892 2455 975 2519 quae
992 2432 1121 2517 possint
1139 2453 1166 2495 aa

95 2523 228 2589 deorum
255 2523 292 2588 in
313 2544 348 2588 se
368 2523 496 2588 vultum
520 2527 722 2608 convertere,
744 2522 883 2608 puerilia
904 2527 937 2588 et
959 2522 1121 2588 humanae

59 2612 334 2679 sobleotamenta
363 2612 520 2678 levitatis:
552 2635 626 2680 ecoe
658 2613 879 2698 spectaculum
911 2611 1047 2698 dignum
1080 2611 1121 2677 ad

96 2702 185 2787 quod
213 2701 367 2788 respiciat
395 2701 540 2769 intentus
564 2702 655 2788 operi
677 2724 736 2768 suo
760 2703 854 2788 deus,
882 2723 955 2769 ecce
977 2723 1037 2788 par
1061 2701 1121 2768 deo

184 2879 255 2949 lqu
272 2878 740 2964 ranturAlllquemamodumAll
753 2879 831 2934 sind
882 2878 1121 2936 eantcorrA¹ec

94 2950 245 3022 indulgent
255 2894 271 3025 i
282 2951 428 3007 lexeitarl
442 2968 459 3010 ς
472 2959 500 3008 ct
511 2952 580 3024 vulp.
591 2951 741 3007 exercitam
750 2952 779 3007 A
790 2950 801 3024 11
816 2952 859 3007 la
889 2951 931 3008 A¹
942 2951 1024 3008 atA⁶
1033 2968 1102 3007 corr,
1111 2951 1122 3024 n

94 3023 228 3080 Suolunt
239 3025 269 3079 A
286 3041 307 3078 n
324 3040 346 3080 a.
358 3041 383 3080 c.
398 3024 463 3080 add.
478 3042 513 3080 m.
529 3029 545 3078 1
563 3021 574 3097 {l
591 3021 627 3078 123
641 3023 808 3096 sedmotulll
829 3027 858 3079 et
876 3024 938 3093 ipso
952 3026 981 3080 A
995 3041 1076 3079 erosa
1089 3026 1122 3078 ic

93 3095 149 3164 fiae
162 3111 257 3151 carsae
270 3095 444 3163 tetulissem,
460 3094 560 3151 ataid.
579 3098 605 3162 ‘;
619 3094 669 3150 sed
686 3098 779 3161 motu,
793 3094 843 3150 sed
856 3096 919 3166 ipso
933 3098 1003 3151 ccci.
1020 3095 1103 3150 Gertz

91 3162 132 3221 '14
157 3164 249 3222 inlesa
276 3164 372 3221 felitas
400 3168 428 3222 A
456 3182 525 3223 con.
543 3182 577 3222 co
587 3183 614 3237 9.
642 3165 646 3239 l
676 3170 707 3223 at
734 3167 781 3222 cui
809 3167 906 3223 Haase
928 3168 960 3221 at
987 3165 1037 3220 ubi
1055 3166 1085 3220 A

94 3236 132 3293 20
149 3237 298 3308 spectandi
316 3238 474 3295 Pincianus
496 3239 627 3307 spectant
652 3237 693 3294 dii
717 3241 747 3295 A
767 3282 772 3295 .
791 3239 906 3295 ediwres
928 3245 979 3294 cut
997 3237 1027 3292 dl
1044 3237 1121 3293 alites

94 3310 152 3365 alic
170 3310 227 3366 loco
244 3310 371 3366 {mancat
387 3316 438 3365 oct
455 3309 573 3379 capiunt
589 3311 622 3365 in
641 3311 720 3381 capit
736 3317 853 3378 mount,
871 3310 1011 3379 sedsaepe
1024 3309 1087 3366 sm.
1101 3326 1122 3365 u

95 3381 235 3452 caudari
251 3398 327 3436 mm.
341 3382 380 3436 ud
389 3382 528 3451 pluralem
541 3383 644 3437 tacut
661 3389 712 3438 cut
729 3400 747 3436 α
760 3382 870 3452 plurali
886 3381 925 3436 ad
936 3381 1121 3451 uapularem,-

95 3452 146 3521 σίν.
165 3451 233 3508 deul.
252 3452 292 3508 II
305 3456 332 3518 8,
346 3455 379 3520 2,·
399 3453 470 3521 epist
486 3451 601 3508 XXXI
615 3459 696 3520 cutm
713 3454 773 3509 clia
791 3453 914 3523 exempla
933 3451 1041 3522 collocat
1056 3451 1118 3508 Jos.

84 3523 199 3576 Mller
212 3523 290 3578 mne.
305 3521 386 3580 Stoa
401 3524 425 3579 Ι
432 3541 465 3594 p.
481 3529 543 3594 deq.
