2438 3846
122 133 143 197 2
327 131 357 184 E.
377 129 519 185 ANNAEI
537 129 702 186 SENECAE
720 129 816 185 DlAL.
830 129 898 184 LIB.
912 129 933 185 1.

121 277 274 342 materiae
316 277 451 342 errantis
492 276 580 342 huno
620 276 766 341 ordinem
806 295 866 340 nec
902 297 984 361 quae
1020 279 1145 341 temere

123 366 268 432 coierunt
289 368 382 431 tanta
403 369 472 431 arte
494 365 646 450 pendere,
669 368 706 429 ut
728 367 887 429 terrarum
913 363 1145 450 gravissimum

121 454 247 538 pondus
278 455 388 521 sedeat
416 455 588 519 immotum
616 458 649 520 et
672 455 756 519 circa
778 474 812 519 se
835 454 1036 541 properantis
1061 455 1145 519 caeli

122 545 233 628 fugam
257 548 394 628 spectet,
417 547 454 607 ut
471 543 579 608 infusa
596 543 735 609 vallibus
754 543 855 608 maria
873 543 1022 607 molliant
1039 548 1144 608 terras

121 654 181 697 nec
203 634 307 698 ullum
330 633 564 698 incrementum
588 632 759 697 fluminum
783 632 939 715 sentiant,
960 636 998 696 ut
1020 655 1061 697 ex
1084 635 1145 698 mi·
1177 651 1189 691 s

86 722 217 787 animis
248 721 425 787 seminibus
454 725 628 787 nascantur
657 721 810 808 ingentia
856 744 897 786 ne
924 721 981 784 illa
1011 720 1144 804 quidem

122 833 204 896 quae
222 810 373 876 videntur
391 811 525 876 confuse
543 815 577 876 et
593 811 730 894 incerta,
747 811 874 896 pluvias
889 811 961 876 dico
975 811 1144 894 nubesque

122 904 154 965 et
173 899 325 965 elisorum
343 899 518 965 fulminum
536 900 639 965 iactus
654 902 687 965 et
700 900 849 965 incendia
861 900 966 984 ruptis
981 901 1144 964 montium

121 988 295 1054 verticibus
326 990 441 1072 effusa,
469 992 625 1054 tremores
655 988 794 1054 labantis
825 990 887 1053 soli
910 990 1036 1072 aliaque
1060 1009 1144 1073 quae

120 1077 323 1142 tumultuosa
339 1099 414 1162 pers
432 1100 540 1143 rerum
559 1079 644 1144 circa
661 1082 762 1144 terras
780 1082 903 1161 movet,
922 1081 990 1143 sine
1008 1078 1144 1162 ratione,
1163 1099 1189 1138 ιο

122 1166 269 1250 quamvis
292 1167 400 1232 subita
423 1166 503 1251 sint,
526 1168 690 1250 accidunt,
718 1167 773 1232 sed
798 1187 872 1232 suas
895 1171 928 1231 et
950 1167 1007 1231 illa
1030 1187 1144 1232 causas

120 1254 242 1321 habent
270 1278 338 1320 non
366 1256 473 1320 minus
504 1277 602 1341 quam
626 1277 708 1340 quae
731 1255 844 1322 alienis
866 1255 946 1322 locis
971 1261 1145 1340 conspecta

121 1345 276 1410 miraculo
308 1349 397 1429 sunt,
427 1349 464 1410 ut
493 1345 528 1410 in
556 1345 670 1411 mediis
700 1345 853 1412 fluctibus
877 1347 1017 1411 calentes
1041 1366 1162 1428 aquae

122 1438 154 1499 et
182 1456 268 1499 nova
296 1434 474 1500 insularum
504 1436 540 1500 in
561 1439 653 1500 resto
684 1435 901 1501 exsilientium
924 1437 1005 1500 mari
1029 1435 1145 1519 spatia.

85 1540 102 1589 4
120 1522 186 1588 iam
208 1544 284 1588 vero
315 1523 343 1588 si
373 1523 445 1610 quis
473 1524 691 1590 observaverit
712 1524 828 1589 nudari
849 1525 947 1589 litora
969 1525 1084 1610 pelago
1110 1525 1145 1590 in
1163 1545 1189 1585 rs

121 1633 155 1678 se
183 1611 352 1677 recedente
380 1613 555 1697 eademque
577 1613 664 1678 intra
686 1613 840 1700 exiguum
862 1618 991 1698 tempus
1016 1613 1146 1698 operiri,

122 1701 231 1768 credet
253 1721 348 1767 caeca
372 1701 510 1786 quadam
533 1701 734 1768 volutatione
757 1703 854 1769 modo
874 1703 1022 1769 contrahi
1040 1702 1143 1768 undas

121 1794 154 1856 et
189 1791 365 1856 introrsum
398 1791 465 1878 agi,
501 1790 598 1857 modo
632 1813 799 1877 erumpere
831 1795 863 1857 et
896 1814 1013 1878 magno
1047 1813 1145 1858 cursu

120 1883 264 1965 repetere
297 1880 405 1945 sedem
435 1901 541 1964 suam,
573 1902 647 1945 cum
677 1881 806 1946 interim
836 1881 911 1946 illae
938 1881 1144 1966 portionibus

114 1970 270 2035 'crescunt
306 1973 339 2034 et
375 1968 416 2034 ed
451 1968 565 2034 horam
602 1991 640 2034 ac
676 1968 761 2035 diem
798 1970 939 2036 subeunt
970 1971 1144 2056 ampliores
1162 1991 1189 2032 sc

121 2058 339 2143 minoresque,
368 2061 467 2143 prout
488 2058 561 2124 illas
583 2059 696 2124 lunare
719 2059 808 2125 sidus
831 2060 955 2143 elicuit,
987 2061 1028 2124 ad
1052 2059 1144 2125 cuius

120 2147 291 2213 arbitrium
314 2168 453 2213 oceanus
477 2148 626 2214 exundat.
667 2170 726 2214 suo
744 2148 808 2214 iste
825 2149 965 2234 tempori
982 2170 1146 2215 reserven-

120 2241 188 2321 tur,
217 2259 255 2303 eo
284 2236 414 2321 quidem
437 2236 541 2324 magis
565 2238 652 2323 quod
674 2242 712 2303 tu
733 2260 801 2304 non
823 2238 952 2303 dubitas
976 2238 1015 2304 de
1037 2240 1145 2324 prori-

85 2341 102 2390 o
121 2326 230 2391 dentis
257 2326 314 2392 sed
337 2325 488 2412 quereris.
534 2326 570 2391 in
591 2327 730 2413 gratiam
753 2331 786 2393 te
808 2328 960 2394 reducam
983 2349 1058 2394 oum
1081 2327 1144 2392 diis

121 2415 274 2481 adsersus
304 2415 445 2500 optimos
474 2415 615 2500 optimis.
660 2438 766 2501 neque
789 2416 875 2482 enim
897 2440 1004 2483 rerum
1027 2422 1189 2482 natureae

120 2504 244 2590 patitur
274 2507 313 2570 ut
343 2526 487 2591 unquam
516 2506 604 2571 bona
632 2506 726 2572 bonis
749 2510 901 2591 noceant3
933 2507 1018 2572 inter
1039 2507 1144 2573 bonos

119 2594 206 2660 viros
225 2615 264 2660 ao
282 2594 359 2660 deos
378 2595 520 2660 amicitia
538 2599 588 2661 est
606 2596 798 2661 conciliante
811 2596 941 2661 virtuto.
967 2595 1142 2662 amicitiam

121 2683 216 2750 dico?
248 2683 349 2749 immo
373 2683 471 2750 etiam
493 2684 697 2750 necessitudo
722 2688 755 2750 et
778 2685 970 2770 similitudo,
989 2687 1143 2771 quoniam

121 2772 252 2858 quidem
275 2773 380 2839 bonus
399 2777 545 2859 tempore
563 2777 691 2841 tentum
710 2774 807 2839 adeo
827 2775 942 2858 differt,
965 2776 1143 2860 discipulus

210 3000 228 3057 4
245 3005 279 3057 ut
296 3002 391 3058 inlusa
404 3003 434 3062 A
446 3006 480 3057 ut
493 3018 545 3059 neo
557 2963 652 3057 infusa
665 3019 700 3058 aa
714 3019 730 3061 ς
744 3004 912 3059 commendat
924 3022 981 3058 cau
994 3005 1043 3059 der
1057 3005 1144 3071 Vtica

119 3073 193 3131 allud
207 3073 289 3130 Gerra
306 3081 379 3130 recte
393 3081 465 3131 tenet
479 3075 538 3130 coll.
553 3076 628 3130 Ptin.
639 3081 697 3131 aar.
708 3076 770 3130 bist.
781 3077 819 3130 11
829 3075 851 3147 ὅ
855 3081 911 3131 166
914 3075 964 3204 Q?
978 3074 1092 3146 plubias
1101 3075 1144 3131 Αι

120 3162 189 3201 corr.
204 3163 240 3200 m.
255 3152 275 3201 2
293 3145 339 3218 118
357 3146 459 3210 iactura
474 3147 502 3201 A
520 3145 530 3219 ll
548 3145 583 3201 10
601 3148 749 3201 moventur
767 3148 837 3201 corsi.
855 3148 898 3203 W.
942 3148 1034 3214 cowll,
1051 3149 1094 3203 ito
1111 3155 1145 3202 ut

121 3232 194 3285 quae
217 3217 368 3272 sabiecme
385 3225 411 3273 et
427 3216 603 3271 tumultuose
620 3234 692 3286 pars
706 3233 799 3272 rerum
814 3220 996 3287 appostiom‘s
1009 3218 1067 3275 loco
1079 3220 1117 3274 sit
1134 3218 1145 3291 ll

121 3286 157 3343 12
174 3286 245 3343 loeis
263 3304 285 3343 s.
298 3305 324 3343 o.
339 3288 404 3342 odd.
419 3288 462 3344 A¹
478 3289 489 3373 fl
506 3288 543 3343 15
560 3288 687 3356 siquisA
702 3295 735 3344 at
752 3289 809 3356 fere
821 3306 925 3358 semper
939 3288 950 3361 ll
971 3289 1007 3345 21
1021 3289 1144 3345 minores

122 3374 176 3429 que
191 3359 218 3415 A
237 3362 316 3429 (que,
335 3374 381 3425 ve,
400 3375 436 3414 ne
458 3361 628 3430 menapios
645 3378 664 3416 a
677 3360 904 3431 praecedentibus
921 3362 1032 3417 combure
1048 3362 1145 3416 ditum

138 3501 158 3555 Δ
176 3429 278 3558 ΝΗ-
294 3429 454 3558 wolff?
473 3432 520 3558 (pc
537 3431 592 3488 vid.
608 3434 688 3501 cras.)
714 3432 718 3506 l
743 3431 888 3502 sedquerie
902 3431 945 3488 Α1
963 3450 1031 3492 corr.
1045 3438 1115 3490 m
1134 3432 1145 3506 ΙΙ

193 3520 231 3556 us
292 3521 304 3557 s
371 3519 401 3572 p.
448 3520 471 3558 v.
