2438 3846
112 180 177 247 120
313 177 343 232 E.
357 175 500 232 ANNAEI
518 174 683 235 SENECAE
702 175 797 230 DIAE.
813 174 880 232 LIB.
898 173 928 230 V.

76 339 90 390 1
200 322 254 389 XI.
291 321 369 389 Non
403 322 532 408 expedit
568 321 677 388 omnia
713 320 833 406 videre,
871 321 979 387 omnia
1013 322 1131 387 audire.

110 415 230 480 multae
252 434 312 479 nos
330 412 467 478 iniuriae
484 416 662 495 transeant,
684 411 859 495 exquibus
877 412 1048 497 plerasque
1065 433 1132 477 non

111 503 228 588 accipit
252 502 309 587 qui
330 502 441 568 nescit.
487 523 554 567 non
576 502 625 567 vis
649 523 718 567 esse
744 500 939 567 iracundus?
965 524 1006 566 ne
1033 502 1131 566 fueris

111 593 266 659 curiosus.
312 592 369 675 qui
391 591 527 678 inquirit
550 590 686 676 quidrin
710 612 743 657 se
766 590 888 656 dictum
912 591 968 675 sit,
992 592 1048 675 qui
1065 612 1132 656 ma-

109 682 217 769 lignos
241 703 418 765 sermones,
440 681 537 746 etiam
562 681 589 747 si
608 684 730 746 secreto
748 679 852 745 habiti
870 683 959 764 sunt,
982 681 1078 764 eruit,
1097 702 1131 745 se
1166 699 1178 740 s

110 772 180 857 ipse
202 771 369 856 inquietat.
416 770 572 855 quaedam
594 769 816 855 intorpretatio
846 791 884 835 eo
911 769 1071 854 perducit,
1094 773 1131 835 ut

110 861 280 927 videantur
301 860 451 925 iniuriae:
474 860 583 943 itaque
606 860 670 924 aiio
691 859 866 924 differenda
886 863 975 943 sunt,
998 859 1062 924 alia
1080 858 1131 924 de

74 950 257 1034 aridenda,
279 951 343 1015 alia
366 948 522 1015 donanda.
569 947 860 1015 circumscribenda
887 949 998 1016 multis
1026 949 1131 1014 modis

111 1040 159 1105 ira
180 1043 243 1123 est3
265 1040 420 1125 pleraque
438 1039 598 1105 inlusum
617 1039 790 1123 iocumque
807 1041 982 1103 vertantur.
1020 1036 1134 1104 Socra-

110 1132 166 1195 ten
184 1129 275 1194 aiunt
292 1128 431 1213 colapho
446 1149 633 1214 percussum
646 1128 731 1192 nihil
744 1128 883 1213 amplius
898 1128 1017 1193 dixisse
1036 1149 1138 1211 quam*
1153 1146 1180 1186 ro

110 1219 284 1284 molestum
306 1238 389 1302 esse,
416 1217 504 1302 quod
525 1218 687 1284 nescirent
713 1218 874 1301 homines,
902 1218 1030 1302 quando
1059 1239 1132 1282 cum

74 1308 203 1394 agalea
230 1307 359 1392 prodire
386 1306 546 1373 deberent.
580 1329 649 1373 non
676 1305 948 1392 quemadmodum
976 1307 1061 1372 facta
1091 1307 1134 1372 sit

110 1397 229 1462 iniuria
250 1396 360 1480 refert,
385 1396 440 1464 sed
459 1395 730 1480 quemadmodum
747 1398 827 1481 lata,
844 1418 905 1463 neo
921 1397 1015 1462 video
1035 1417 1133 1480 quare

110 1486 253 1553 difficilis
277 1487 320 1553 sit
342 1486 535 1571 moderatio,
557 1507 632 1553 oum
656 1487 755 1553 sciam
773 1491 985 1572 tyrannorum
1005 1508 1134 1571 quoque

110 1576 235 1641 tumida
258 1580 291 1641 et
316 1575 448 1642 fortuna
476 1579 509 1641 et
536 1575 668 1642 licentia
695 1576 825 1664 ingenia
847 1576 1044 1647 ,familiarem
1072 1575 1135 1640 sibi
1153 1593 1180 1634 1⁵

74 1666 278 1732 esaevitiam
300 1666 498 1752 repressisse.
538 1664 744 1731 Pisistratum
766 1669 866 1749 certe,
887 1664 1135 1731 Atheniensium

110 1758 297 1840 tyrannum,
320 1755 494 1822 memoriae
514 1755 677 1840 proditur,
699 1776 773 1822 cum
792 1755 895 1820 multa
913 1756 948 1819 in
966 1754 1134 1821 crudelita-

110 1848 176 1911 tem
195 1846 265 1911 eius
283 1846 390 1911 ebrius
409 1845 546 1911 conviva
560 1844 694 1911 dixisset
706 1865 766 1910 nec
785 1845 931 1910 deessent
944 1845 1001 1929 qui
1014 1845 1135 1910 vellent

111 1956 225 2001 manus
248 1935 279 2000 ei
301 1934 519 2019 commodare,
548 1937 581 1999 et
608 1934 689 2000 alius
710 1934 794 2013 ,hino
820 1934 903 1999 alius
930 1934 1022 2000 illino
1048 1934 1134 1999 faces

112 2024 298 2108 subderent,
325 2024 454 2110 placido
484 2024 593 2089 animo
625 2023 739 2089 tulisse
771 2027 803 2088 et
832 2023 896 2089 hoo
927 2023 1134 2088 irritantibus
1154 2041 1181 2081 ²⁰

111 2114 328 2198 respondisse,
349 2136 417 2179 non
439 2113 543 2200 magis
567 2113 617 2177 illi
635 2134 669 2178 se
687 2133 871 2179 suscensere
895 2133 992 2196 quam
1014 2112 1133 2197 siquis

113 2203 264 2290 obligatis
288 2203 391 2269 oculis
414 2203 449 2268 in
472 2224 506 2269 se
528 2203 722 2268 incurrisset.

77 2305 91 2354 1
201 2291 272 2358 XII.
308 2291 428 2379 Magna
454 2314 528 2377 pars
557 2292 715 2376 querellas
742 2312 842 2357 manu
867 2291 946 2356 fecit
973 2294 1031 2356 aut
1053 2291 1135 2357 falsa

112 2382 304 2468 suspicando
320 2386 376 2448 aut
388 2381 475 2449 levia
487 2381 702 2470 adgravando.
738 2403 833 2466 saepe
848 2381 888 2446 ad
901 2401 961 2447 nos
975 2381 1024 2446 ira
1037 2380 1134 2462 venit,

112 2472 240 2557 saepius
262 2493 322 2537 nos
346 2472 386 2539 ad
409 2472 509 2538 illam.
556 2494 638 2557 quae
660 2492 839 2556 numquam
862 2469 1051 2537 arcessenda
1073 2472 1134 2552 est3
1154 2486 1181 2527 ²⁵

76 2562 209 2627 aetiam
242 2581 316 2627 eum
348 2562 475 2647 incidit,
507 2562 670 2628 reiciatun
712 2582 808 2627 nemo
841 2559 920 2627 dicit
952 2559 1027 2626 sibi:
1057 2558 1135 2625 ‘hoo

112 2650 352 2736 propterquod
374 2652 495 2717 irascor
516 2655 574 2717 aut
595 2651 659 2717 ieci
679 2653 737 2715 aut
758 2650 872 2716 fecisse
894 2649 1016 2734 potui'3
1038 2670 1135 2716 nemo

112 2741 256 2806 animum
283 2739 444 2823 facientis,
477 2739 532 2807 sed
559 2741 667 2825 ipsum
696 2743 855 2805 aestumat
880 2739 1017 2805 factum:
1044 2740 1136 2823 etqui

112 2829 169 2895 ille
191 2829 364 2896 intuendus
388 2832 451 2913 est,
471 2829 611 2895 voluerit
634 2852 676 2894 an
698 2828 860 2913 inciderit,
883 2834 1014 2895 coactus
1034 2829 1136 2894 sitan

113 2918 278 3004 deceptus,
302 2919 412 2985 odium
432 2922 560 2986 secutus
583 2920 626 2986 sit
649 2940 691 2984 an
712 2919 904 3003 praemium,
928 2918 990 2984 sibi
1013 2940 1135 2983 morem
1156 2937 1183 2977 ao

113 3008 248 3095 gesserit
270 3030 312 3074 an
334 3031 466 3075 manum
489 3008 584 3074 alteri
606 3006 865 3075 commodaverit.
904 3007 1028 3091 aliquid
1049 3011 1136 3073 aetas

112 3097 276 3182 peccantis
300 3096 390 3181 facit,
420 3097 544 3182 aliquid
573 3097 717 3182 fortuna,
745 3102 782 3163 ut
811 3098 895 3162 ferre
925 3117 962 3162 ac
989 3098 1057 3180 pati
1081 3099 1138 3161 aut

202 3272 221 3329 9
238 3272 375 3329 Socraten
389 3271 431 3328 Αι
449 3273 592 3330 Socratem
606 3274 648 3329 Αι
660 3275 671 3347 (1
687 3273 724 3329 12
738 3272 874 3329 deberent
891 3273 932 3342 (re
949 3288 972 3329 a.
986 3273 1023 3344 o.)
1038 3272 1115 3328 A¹·²
1127 3269 1138 3345 {l

113 3344 149 3400 18
175 3344 302 3402 duxisset
322 3346 365 3403 Αὓ
425 3344 460 3401 21
485 3362 646 3402 suscensere
667 3346 709 3402 Α1
736 3345 901 3420 sullcensere
921 3345 964 3402 Α6
989 3347 1051 3416 (aut
1071 3344 1136 3412 sort.

114 3418 231 3492 succ-NJ
248 3418 284 3474 28
302 3433 389 3492 quere
446 3417 489 3475 A*
504 3417 515 3490 11
532 3418 728 3475 tsseestumat
741 3416 791 3486 A1,
805 3417 1038 3473 aeduinioorr.
1050 3416 1113 3475 rad.
1127 3416 1138 3489 Η

89 3487 150 3607 ³81}
158 3490 341 3614 ”nfflium
354 3489 398 3547 A⁶
410 3491 580 3564 inprqmium
595 3490 637 3547 Αι
648 3490 659 3562 ss
671 3489 708 3546 82
723 3505 757 3545 ao
770 3489 833 3561 pati
846 3489 914 3561 oolp.
930 3488 996 3545 inde
1009 3506 1028 3544 a
1038 3488 1137 3560 Lipeio

1 3611 3 3630 .
112 3569 133 3604 ²¹
159 3571 206 3620 1²³
