2438 3846
211 120 474 211 AD'PAVLINVM
492 155 542 210 DE
560 135 770 212 BREVITATE
784 157 897 212 VITAE
916 157 1024 215 OAP.9
1066 161 1130 227 291

115 301 186 369 dioo
210 302 266 386 qui
287 301 489 385 prudentiam
508 301 650 368 iactant?
695 303 861 388 operosius
881 305 1029 388 occupati
1048 309 1132 389 sunt,

114 395 151 457 ut
174 390 288 456 melius
312 391 440 476 possint
462 391 582 475 vivere,
610 391 762 476 inpendio
785 394 870 458 vitae
893 395 993 458 vitam
1015 393 1131 458 instru-

113 480 186 546 unti
232 480 446 566 cogitationes
474 502 548 545 suas
575 481 611 546 in
637 483 773 568 longum
801 483 964 566 ordinant3
993 481 1132 547 maxima

113 592 209 656 porro
238 569 323 635 vitae
351 570 473 636 iactura
501 568 613 635 dilatio
641 573 702 635 est:
729 571 786 635 illa
807 571 948 655 primum
972 592 1132 655 quemque

80 658 252 726 contrahit
289 659 388 741 diem,
423 659 480 723 illa
513 658 609 743 eripit
639 660 834 744 praesentia,
870 660 946 725 dum
979 660 1132 726 ulteriora

112 749 282 834 promittit.
329 747 504 814 maximum
541 748 670 814 vivendi
701 750 967 834 impedimentum
1000 753 1049 815 est
1080 771 1132 815 ex·

111 838 265 921 peotatio‚
300 859 381 921 quae
409 837 527 922 pendet
555 859 594 902 ex
617 839 771 923 erastino,
799 839 905 923 perdit
931 839 1132 905 hodiernum.

112 927 200 1010 quod
222 927 257 991 in
281 948 378 991 manu
396 926 546 992 fortunae
564 929 706 1010 positum
726 932 788 1012 est,
812 928 969 1012 disponis,
993 928 1080 1013 quod
1098 927 1132 992 in

110 1018 181 1099 tua,
204 1015 347 1084 dimittis.
393 1036 457 1099 quo
482 1015 629 1100 spectas?
674 1039 737 1100 quo
761 1020 794 1082 te
812 1016 979 1082 extendis?
1024 1017 1132 1083 omnia

66 1125 194 1188 nqueo
223 1108 360 1170 ventura
393 1109 470 1170 aunt
503 1106 538 1170 in
571 1105 695 1172 incerto
724 1106 843 1172 iacent:
872 1106 1020 1191 protinus
1049 1107 1130 1172 vive.

112 1194 230 1260 elamat
260 1215 333 1260 ecoe
364 1194 522 1259 maximus
552 1199 641 1261 vates
672 1198 704 1260 et
733 1197 822 1265 velut
850 1195 958 1262 divino
987 1218 1054 1280 ore,
1084 1197 1164 1264 ino

64 1327 65 1330 κ
110 1282 238 1349 stinotu-
253 1284 391 1349 salutaro
415 1305 544 1350 carmen
566 1285 666 1350 canit:

252 1406 362 1474 optima
379 1422 509 1474 quaeque
528 1405 588 1461 dies
607 1406 717 1461 miseris
735 1406 901 1462 mortalibus
921 1408 983 1461 aevi

252 1478 345 1546 prima
363 1476 445 1548 fugit.

64 1611 90 1653 n
111 1586 199 1669 ‘quid
214 1587 408 1652 ounotaris‘l'
421 1587 527 1670 inquit
542 1587 630 1670 ‘quid
641 1587 768 1654 cessas?
790 1587 853 1653 nisi
868 1610 1016 1673 occupas,
1024 1587 1130 1674 fugit?

110 1678 142 1740 et
160 1696 234 1741 oum
253 1677 473 1759 occupaveris,
491 1682 600 1742 tamen
617 1677 733 1762 fugiet:
757 1676 866 1762 itaque
881 1700 954 1743 oum
968 1677 1129 1743 celeritate

108 1765 264 1849 temporis
292 1767 403 1830 utendi
431 1766 601 1831 velocitate
629 1767 815 1831 certandum
844 1771 892 1832 est
920 1770 952 1831 et
978 1768 1068 1832 velut
1090 1789 1130 1831 ex
1200 1840 1201 1843 Ἴ

108 1855 245 1918 torrenti
262 1855 375 1939 rapido
394 1876 454 1920 neo
472 1877 598 1940 semper
616 1857 701 1921 ituro
721 1859 786 1922 oito
805 1856 1024 1920 hauriendum.
1065 1855 1128 1921 hoe
1147 1875 1163 1924 3

109 1964 237 2026 quoque
267 1943 482 2028 pulcherrime
506 1944 546 2008 ad
569 1944 823 2029 exprobrandam
850 1945 1010 2009 infinitam
1034 1966 1129 2010 auno·

62 2057 89 2098 oo
107 2031 277 2116 tationem,
306 2032 392 2115 quod
419 2055 486 2098 non
514 2035 670 2118 optimum
697 2055 858 2117 quemque
886 2037 1048 2098 aetatem
1073 2034 1129 2099 sed

108 2119 206 2186 diam
234 2121 320 2185 dicit.
366 2122 445 2206 quid
468 2143 597 2188 securus
621 2125 653 2187 et
674 2122 710 2187 in
731 2126 823 2187 tanta
844 2126 1027 2206 temporum
1050 2122 1129 2209 fuga

33 2280 52 2309 ς
106 2209 213 2274 lentus
246 2232 371 2275 menses
403 2211 464 2276 tibi
496 2216 529 2276 et
560 2234 660 2276 annos
693 2212 728 2276 in
757 2212 888 2297 longam
918 2212 1047 2294 seriem,
1079 2215 1128 2277 ut·-

108 2317 245 2384 oumque
273 2300 421 2366 aviditati
447 2304 522 2365 tuae
549 2301 741 2385 Visanest,
769 2300 970 2386 exporrigis?
1015 2301 1054 2364 de
1077 2300 1129 2365 die

107 2390 214 2453 tecum
236 2389 383 2475 loquitur
405 2392 438 2455 et
461 2390 500 2455 de
522 2388 586 2455 hoo
608 2390 680 2474 ipso
702 2388 855 2476 fugiente.
892 2411 970 2454 num
994 2389 1163 2459 dubiumr

61 2502 88 2543 as
107 2480 156 2542 est
178 2498 268 2565 ergo,
293 2479 372 2563 quin
395 2479 519 2563 optima
541 2500 686 2565 quaeque
708 2480 813 2563 prima
836 2479 903 2544 dies
922 2478 1027 2565 fugiat
1044 2501 1128 2544 mor-

107 2566 225 2632 talibus
262 2569 403 2652 miserie,
439 2569 473 2635 id
505 2573 554 2635 est
586 2568 772 2654 oooupatie?
825 2580 961 2652 quorum
994 2569 1126 2653 puerilis

201 2761 237 2817 18
255 2762 331 2833 Vcrp.
349 2763 446 2834 Gcocp.
460 2765 513 2818 ΠΙ
530 2767 566 2818 66
572 2779 610 2832 sq.
625 2764 675 2831 cfr.
690 2764 767 2832 epist.
782 2768 843 2831 108,
856 2768 894 2820 24

106 2902 148 2960 pr.
163 2889 200 2945 ia
215 2887 351 2945 Schultess
368 2887 501 2945 Potestne
519 2889 671 2958 quicquam
688 2905 785 2944 sensus
798 2889 968 2945 inluminare
981 2890 1126 2945 hominum

106 2967 153 3017 etc.
168 2960 230 3017 Job.
242 2961 347 3016 Mstllcr
365 2959 498 3016 Potestne
518 2960 669 3030 quiequam
683 2977 767 3016 sensu
779 2961 938 3030 hominum,
953 2979 1049 3017 eorum
1063 2962 1126 3017 dico

105 3031 157 3102 qui
179 3049 220 3102 pr.
240 3032 269 3098 i.‚
288 3032 480 3101 <pumenius
506 3035 619 3100 esset>
647 3033 791 3101 operosius
817 3041 865 3089 etc.
891 3050 939 3104 epo
964 3034 1094 3104 temptaui
1117 3033 1128 3106 ll

106 3102 169 3174 leq.
196 3103 229 3158 ce
252 3104 472 3172 interpunctione
496 3104 558 3159 cide
584 3103 725 3160 Gertzium
751 3106 784 3158 in
810 3105 882 3161 stud.
908 3107 968 3162 crit.
1015 3148 1021 3161 .
1044 3109 1128 3168 1531!

107 3173 123 3230 7
141 3173 268 3244 perditt¹
285 3174 381 3243 perdis
394 3175 423 3230 A
440 3173 450 3248 ll
468 3174 502 3229 ll
522 3190 569 3229 ora
587 3173 737 3230 instinctus
752 3176 779 3231 A
798 3177 859 3246 (cfr.
873 3176 940 3232 dial.
955 3177 975 3230 1
1022 3181 1066 3244 17,
1081 3179 1126 3246 11)

106 3243 200 3301 lurore
225 3245 376 3300 instinctus
398 3247 495 3302 Miscet
519 3244 656 3301 diviniore
680 3246 818 3301 instinctu
838 3248 933 3319 Pauly
958 3263 1005 3302 ore
1031 3249 1060 3303 at
1084 3248 1126 3302 in·

104 3316 213 3372 stinetu
233 3316 315 3373 Gertz
332 3316 343 3389 ll
364 3315 401 3372 le
419 3315 627 3373 omotationem
642 3317 726 3374 Gertz
743 3318 894 3388 coltepist.
910 3321 1004 3385 46,13
1023 3334 1126 3390 cogna-

106 3387 212 3444 tionem
222 3390 250 3444 A
264 3387 452 3458 agitationem
462 3388 583 3459 Maduip
596 3388 798 3459 cogitationem
811 3390 881 3459 ootp.
895 3389 905 3462 Η
917 3388 953 3444 22
967 3389 998 3444 in
1011 3389 1125 3474 longam

107 3459 189 3516 oens
214 3457 370 3544 &longum
391 3461 419 3516 A
440 3460 451 3534 ll
474 3458 511 3514 25
533 3460 641 3530 optima
666 3476 794 3530 quaeque
816 3461 909 3530 prims
929 3460 1011 3517 Gertz
1033 3477 1125 3530 prima

105 3546 236 3602 quaeque
254 3532 363 3600 optima
376 3531 404 3586 A

889 3632 948 3686 Ab*
