2438 3846
98 163 149 227 Ab
164 170 334 226 HELVIAM
347 171 507 225 Mannum
520 171 570 226 DE
585 170 863 228 CONSOLATIONE
878 171 1000 228 cAP.1o
1041 173 1108 241 355

84 319 212 384 hostem
254 319 457 403 percusserat
496 318 748 401 laureamque
739 341 775 383 ιιι
811 316 987 403 Capitolini
1022 317 1108 383 Iovis

47 407 209 510 gremio
227 410 429 492 reposuerat,
452 428 550 491 quam
563 404 699 491 Apicius
717 410 829 472 nostre
845 407 1002 472 memoria
1019 407 1108 491 vixit,

85 497 143 581 qui
174 495 209 561 in
241 518 279 561 ea
310 496 403 598 urbe,
435 516 475 560 ex
507 517 572 581 qua
603 495 777 598 aliquando
806 496 993 581 philosophi
1019 497 1110 562 velut

85 586 328 688 corruptores
319 607 417 650 iuven
416 585 496 650 tutis
524 585 648 650 abire
640 585 720 651 iussi
747 589 836 668 sunt,
863 586 1031 651 scientiam
1053 606 1109 688 po-

53 698 66 739 ι
85 675 181 761 pinae
203 675 368 760 professus
392 673 562 759 disciplina
581 695 639 738 sua
657 674 821 740 saeculum
840 675 973 741 infecit?
1018 677 1109 741 cuius

86 764 208 830 exitum
248 784 345 829 nosse
382 784 499 847 operae
534 764 676 847 pretium
712 766 769 828 est
816 784 890 830 cum
926 764 1109 830 sestertium

85 853 226 956 milliens
263 854 298 918 in
334 853 476 956 culinam
513 852 717 955 coniecisset,
753 873 827 955 cum
863 857 914 954 tot
945 854 1111 956 congiarie

84 964 269 1097 {institit
293 939 1110 1117 ssecr&substitissemus

40 1145 67 1185 ιο
86 1143 160 1187 suas
183 1124 262 1187 tuno
284 1121 426 1207 primum
449 1124 580 1187 coactus
603 1121 758 1206 inspexit:
781 1120 1024 1206 superfuturum
1048 1121 1111 1187 sibi

85 1211 269 1277 sestertium
292 1211 435 1277 centiens
459 1211 661 1295 computavit
683 1215 716 1275 et
733 1211 823 1275 velut
840 1212 875 1275 in
893 1210 1009 1276 ultima
1025 1211 1111 1277 fame

85 1301 242 1384 victurus,
266 1300 295 1366 si
317 1299 352 1365 in
370 1299 518 1365 sestertio
537 1300 680 1366 centiens
699 1300 845 1384 vixisset,
868 1322 991 1365 veneno
1010 1301 1111 1366 vitam

86 1389 201 1455 finivit.
248 1393 370 1474 quanta
398 1389 528 1454 luxuria
557 1392 640 1471 erat,
672 1388 725 1455 cui
755 1391 898 1455 centiens
928 1390 1111 1456 sestertium
1130 1406 1164 1456 10

87 1483 213 1566 egestas
236 1479 312 1545 fuiti
358 1479 371 1543 i
392 1500 479 1544 nunc
503 1482 536 1544 et
557 1481 637 1562 puta
658 1480 814 1562 pecuniae
833 1480 966 1545 modum
984 1480 1111 1545 adrem

41 1590 67 1631 ιι
87 1569 260 1654 pertinere,
286 1589 355 1633 non
382 1568 490 1632 animi
537 1569 720 1633 sestertium
747 1568 890 1635 centiens
919 1569 1036 1652 aliquis
1059 1590 1112 1634 ex·

87 1659 199 1723 timuit
227 1662 273 1742 et,
305 1658 392 1740 quod
415 1657 475 1722 elii
502 1660 579 1722 voto
607 1660 737 1741 petunt,
766 1679 891 1723 veneno
918 1659 1017 1745 fugit!
1062 1657 1112 1724 illi

87 1769 164 1812 vero
192 1750 260 1811 tam
288 1769 406 1832 pravae
429 1746 547 1811 mentis
570 1747 696 1811 homini
718 1706 777 1810 ιιιι
754 1750 834 1811 tima
855 1747 948 1831 potio
971 1747 1111 1813 saluber-

86 1819 169 1901 rima
198 1836 275 1901 fuit·
305 1839 384 1902 tunc
413 1858 536 1901 venena
566 1835 681 1900 edebat
709 1836 840 1901 bibebat
825 1839 918 1920 tque,
950 1857 1024 1902 cum
1053 1837 1111 1902 im-

86 1925 205 1991 mensis
229 1925 333 2011 epulis
356 1948 424 1990 non
442 1926 655 1991 delectaretur
672 1928 813 2008 tantum,
836 1926 892 1990 sed
896 1926 1112 2028 gloriaretur,

41 2037 68 2078 ιο
87 2036 161 2081 cum
190 2014 270 2080 uitia
297 2036 356 2080 sua
384 2018 575 2098 ostentaret,
604 2036 678 2080 cum
706 2013 769 2079 civi
770 2015 902 2079 tatem
893 2038 929 2080 ιιι
950 2017 1111 2081 luxuriam

88 2126 179 2170 suam
202 2108 417 2189 converteret,
441 2124 514 2170 cum
538 2063 740 2169 iuiventutem
763 2104 836 2168 ad
828 2105 1043 2170 imitationem
1062 2105 1111 2171 sui

87 2193 277 2258 sollicitaret
304 2193 401 2258 etiam
429 2195 499 2259 sine
527 2194 620 2258 malis
649 2193 804 2277 exemplis
827 2216 885 2279 per
908 2216 942 2258 se
966 2194 1111 2259 docilem.

86 2282 167 2348 hoec
194 2283 346 2349 accidunt
372 2282 501 2348 divitias
528 2304 596 2346 non
623 2281 664 2346 ad
690 2283 848 2348 rationem
876 2283 1112 2369 revocantibus,
1131 2299 1163 2347 11

87 2372 179 2438 cuius
203 2373 281 2438 certi
306 2372 386 2438 fines
409 2376 499 2456 sunt,
523 2371 579 2436 sed
602 2372 643 2437 ad
666 2372 816 2437 vitiosam
837 2372 1110 2459 cousuetudinem,

41 2483 68 2524 rs
86 2460 178 2528 ouius
201 2462 384 2528 inmensum
407 2465 439 2527 et
461 2421 745 2545 incomprensibile
768 2460 936 2527 arbitrium
955 2466 1012 2529 est.
1058 2483 1111 2528 cu·

87 2550 218 2637 piditeti
191 2551 397 2616 ιιιιιιιιι
346 2554 397 2616 sat
398 2550 424 2617 is
448 2554 510 2636 est,
537 2555 672 2616 naturae
695 2549 773 2616 satis
797 2554 846 2616 est
868 2552 965 2616 etiam
987 2574 1110 2637 parum.

86 2641 214 2707 nullum
254 2663 331 2728 ergo
374 2601 546 2744 pauperies
583 2639 687 2705 omlis
723 2641 965 2707 incommodum
1000 2641 1112 2726 habet3

86 2731 214 2796 nullum
237 2731 323 2797 enim
345 2732 444 2796 tam
435 2752 530 2814 inops
554 2730 687 2796 exilium
711 2732 774 2814 est,
797 2730 884 2813 quod
905 2752 973 2797 non
995 2732 1111 2798 alendo

86 2819 212 2885 homini
236 2821 362 2886 abunde
384 2820 490 2886 fertile
513 2819 565 2886 sit.

178 3122 197 3177 ιι
216 3123 399 3191 exsorpsisset
412 3124 440 3178 A
459 3125 490 3192 (p
508 3139 529 3178 s.
543 3140 568 3179 o
583 3123 649 3178 odd
663 3123 727 3191 fort
742 3140 778 3178 m
792 3122 846 3196 1))
792 3122 899 3193 1)12
913 3129 938 3177 et
952 3121 987 3176 le
1006 3123 1111 3179 centies

89 3197 118 3252 A
135 3195 145 3267 ))
163 3193 509 3250 141nunoPs'aciuaue
501 3209 587 3248 muno
602 3197 630 3248 A
643 3193 654 3266 Ι)
671 3193 708 3248 28
722 3193 837 3249 exilium
850 3194 918 3264 ooip.
934 3194 1112 3290 exitiumAu

88 3267 124 3322 29
149 3265 243 3321 fertile
266 3265 310 3320 sit.
348 3266 396 3320 At
412 3267 518 3320 vestem
542 3281 576 3318 ac
599 3264 715 3319 domum
738 3264 948 3320 desideraturus
967 3267 1011 3320 est
1029 3265 1101 3321 exui.

91 3338 173 3393 Gertz
196 3336 289 3391 fertile
307 3337 333 3390 si
349 3337 409 3391 tam
425 3335 460 3406 (9)
478 3337 588 3391 uestem
606 3335 756 3390 sodomum
775 3335 985 3391 desideraturus
1003 3339 1049 3393 est
1065 3352 1112 3391 ex·

88 3407 134 3464 sul
147 3408 189 3463 A¹
207 3407 301 3462 fertile
320 3406 422 3480 sesses
439 3409 548 3462 uestem
565 3406 714 3461 ecdomum
729 3406 940 3462 desideraturus
953 3408 1003 3462 est.
1033 3407 1112 3462 exsul

88 3481 132 3537 A‘
150 3481 195 3535 An
206 3480 313 3534 vestem
327 3494 362 3534 ac
375 3477 490 3534 domum
505 3477 563 3533 des.
577 3494 602 3534 e.
616 3482 660 3534 a?
673 3478 786 3534 Fickert
797 3483 825 3534 et
837 3478 934 3535 Haase
951 3479 984 3534 st
995 3480 1111 3548 vestem

90 3554 122 3607 st
140 3551 255 3608 domum
274 3549 332 3605 des.
347 3567 371 3607 e.
386 3566 410 3605 e.
425 3551 584 3622 Heuaoper

871 3650 931 3704 uu*
