2438 3846
94 155 160 221 238
281 152 310 206 L.
326 151 469 205 ANNAEI
487 150 652 206 SENECAE
671 150 766 205 DIAL.
781 150 849 205 LlB.
863 149 936 206 VIII.

60 297 238 383 rspirent?
290 297 330 363 ad
367 298 446 362 baec
479 297 659 380 quaerenda
689 299 800 379 natus,
836 297 983 378 aestima,
1020 318 1119 381 quam

93 408 161 452 non
187 387 326 451 multum
353 386 513 470 acceperit
535 387 706 471 temporis,
735 385 833 450 etiam
857 385 884 450 si
906 384 988 449 illud
1010 388 1119 451 totum

93 475 156 540 sibi
172 476 331 558 vindicat,
354 476 406 541 cui
423 476 501 540 licet
518 475 601 539 nihil
619 475 774 540 facilitate
793 475 888 558 eripi,
909 473 993 538 nihil
1010 476 1119 561 negle

94 565 204 650 gentia
233 566 376 649 patiatur
405 564 563 648 excidere,
594 563 672 629 licet
700 563 797 629 horas
828 585 901 630 suas
932 563 1119 629 avarissime

94 658 199 719 servet
222 657 254 719 et
276 675 378 737 usque
401 653 436 718 in
458 654 609 718 ultimum
633 654 746 717 aetatis
765 652 924 717 humanae
942 653 1118 743 termipum
1149 675 1160 715 r

94 743 247 827 procedat
274 764 334 808 nec
362 743 535 826 quicquam
563 743 613 806 illi
640 763 760 825 exeo,
790 741 877 826 quod
904 745 1020 807 natura
1043 764 1119 809 con-

94 833 215 913 stituit,
236 831 367 896 fortuna
386 831 562 915 concutiat,
580 835 690 896 tamen
708 830 807 896 homo
826 831 867 896 ad
885 831 1118 896 immortalium

59 921 313 1007 recognitionem
340 921 438 985 nimis
468 921 614 986 mortalis
646 924 703 984 est.
754 942 831 1006 ergo
860 919 1037 986 secundum
1064 942 1119 985 na·

93 1013 201 1079 turam
224 1008 321 1093 vivo,
340 1009 369 1074 si
390 1012 497 1075 totum
520 1032 571 1075 me
594 1010 644 1074 illi
667 1009 754 1092 dedi,
781 1010 810 1074 si
832 1009 919 1074 illius
943 1009 1119 1075 admirator

94 1100 264 1182 cultorque
298 1120 379 1164 sum.
433 1103 549 1164 natura
583 1103 691 1164 autem
725 1102 897 1182 utrumque
930 1098 1034 1164 facere
1066 1120 1118 1163 me
1137 1120 1161 1160 ro

93 1188 212 1272 voluit,
241 1193 277 1253 et
303 1209 398 1274 agere
426 1191 459 1253 et
486 1188 753 1273 contemplationi
776 1209 897 1253 vacare.
944 1190 1118 1272 utrumque

94 1275 192 1362 facie,
212 1277 365 1363 quoniam
384 1299 424 1343 ne
444 1277 674 1361 contemplatio
694 1276 823 1361 quidem
837 1278 907 1342 sine
921 1277 1047 1342 actione
1062 1279 1118 1341 est.

60 1405 74 1453 1
184 1383 240 1449 VI.
277 1382 357 1449 ‘sed
389 1384 502 1449 refert'
532 1384 640 1468 inquis
668 1383 726 1448 ‘an
755 1383 795 1448 ad
823 1384 913 1449 illam
940 1383 1119 1467 voluptatis

94 1494 191 1539 causa
218 1473 389 1539 accesseris
416 1473 499 1538 nihil
527 1473 614 1538 aliud
638 1495 678 1538 ex
700 1473 757 1537 illa
779 1476 892 1557 petens
916 1494 1014 1557 quam
1032 1471 1119 1537 adsi-

94 1563 191 1628 duam
220 1563 524 1647 contemplationem
552 1564 620 1627 sine
649 1563 751 1643 exitu3
779 1566 827 1627 est
850 1561 936 1626 enim
960 1561 1064 1626 dulcis
1088 1564 1121 1626 et
1138 1581 1161 1623 rc

94 1651 192 1718 habet
220 1652 397 1718 inlecebrae
428 1651 522 1717 suas'
568 1652 720 1717 adversus
747 1651 811 1716 hoc
837 1650 898 1716 tibi
925 1650 1119 1735 respondeo:

95 1763 196 1826 aeque
214 1742 325 1826 refert,
345 1763 409 1826 quo
429 1741 536 1806 animo
557 1741 684 1806 civilem
703 1762 779 1826 agas
798 1740 913 1823 vitam,
933 1762 975 1804 an
993 1760 1120 1824 semper

95 1830 258 1915 inquietus
287 1831 330 1895 sis
358 1851 418 1895 nec
444 1831 506 1895 tibi
534 1851 688 1914 umquam
717 1849 824 1894 sumas
851 1829 955 1894 ullum
982 1833 1120 1913 tempus,

60 1939 161 2004 aquo
194 1921 234 1984 ab
264 1919 416 1984 humanis
449 1920 489 1985 ad
519 1919 628 1984 divina
657 1918 819 2002 respicias.
872 1918 1037 2002 quomodo
1067 1940 1119 1984 res

95 2009 245 2094 adpetere
269 2008 337 2074 sine
360 2010 428 2074 ullo
451 2009 609 2073 virtutum
632 2030 740 2073 amore
762 2011 793 2073 et
812 2007 881 2073 sine
900 2009 990 2073 cultu
1008 2008 1120 2093 ingeni
1138 2028 1164 2069 ao

96 2120 133 2163 ao
156 2099 258 2163 nudas
283 2098 375 2162 edere
394 2119 507 2183 operas
527 2098 658 2162 minime
677 2097 844 2181 probabile
862 2100 911 2161 est
929 2133 973 2143 —
992 2096 1120 2162 misceri

96 2187 181 2251 enim
200 2189 263 2252 ista
280 2187 364 2252 inter
383 2208 417 2252 se
436 2192 468 2252 et
486 2188 611 2253 conseri
630 2187 748 2251 debent
765 2224 822 2269 —,
841 2187 888 2251 sic
906 2186 1119 2270 inperfectum

96 2297 133 2342 ac
160 2276 350 2362 languidum
377 2277 499 2342 bonum
527 2281 576 2342 est
605 2277 639 2340 in
663 2276 765 2340 otium
788 2277 856 2340 sine
880 2278 954 2340 actu
976 2276 1121 2360 proiecta

60 2365 211 2450 evictus,
246 2388 423 2450 numquam
454 2365 501 2449 id,
536 2366 623 2450 quod
654 2364 779 2447 didicit,
813 2365 993 2430 ostendens.
1047 2365 1119 2448 quis

95 2459 194 2540 negat
223 2455 312 2519 illam
341 2454 454 2520 debere
481 2455 645 2540 profectus
673 2476 748 2520 suos
776 2454 811 2518 in
834 2475 930 2537 opere
952 2456 1120 2538 temptare,
1138 2474 1164 2516 as

95 2566 155 2609 nec
177 2548 303 2609 tantum
328 2545 405 2628 quid
427 2544 609 2610 faciendum
629 2545 671 2610 sit
690 2543 846 2628 cogitare,
869 2543 1040 2609 sedetiam
1064 2543 1121 2607 ali·

97 2634 225 2717 quando
256 2657 387 2699 manum
419 2656 564 2699 exercere
596 2637 629 2698 et
659 2655 708 2717 ea,
740 2653 821 2716 quae
851 2632 1005 2698 meditata
1035 2638 1119 2717 sunt,

96 2724 137 2787 ad
172 2746 284 2788 verum
317 2722 512 2808 perducere?
564 2723 680 2807 quodsi
712 2744 770 2806 per
801 2723 908 2805 ipsum
941 2723 1119 2807 sapientem

186 2881 204 2935 3
219 2882 298 2936 cuius
313 2898 366 2950 pro
381 2881 427 2935 oui
441 2882 511 2936 coni.
527 2881 646 2950 Madoip
659 2880 669 2952 ΗΗ
682 2879 700 2934 4
715 2880 891 2934 amarissime
905 2882 933 2935 A
947 2896 1015 2935 corr.
1026 2880 1121 3004 υοῑρΗΗ

96 2952 115 3006 ὅ
133 2954 163 3007 et
180 2969 269 3022 usque
287 2955 355 3023 colo.
371 2951 464 3022 ejusq;
479 2953 507 3007 A
528 2952 531 3023 Ι
552 2951 704 3006 terminum
718 2965 736 3005 s·
753 2951 887 3006 terminet
900 2953 929 3006 A
946 2951 956 3023 ΗΗ
973 2950 991 3005 9
1010 2949 1077 3005 dedi

98 3024 170 3078 dedo
192 3038 209 3078 s
232 3024 242 3096 ΗΗ
267 3023 303 3078 14
326 3024 476 3078 accesseris
501 3040 554 3094 nep.
575 3024 638 3078 edit.
660 3024 745 3092 Japes
767 3023 872 3092 (Gertz)
896 3022 1047 3077 accesserit
1064 3023 1093 3077 A
1110 3022 1121 3093 Η

97 3095 133 3149 15
147 3094 415 3164 contemplationem
430 3095 490 3149 sine
504 3095 595 3161 exitu;
612 3095 655 3148 est
669 3094 745 3148 enim
758 3095 827 3165 colp.
843 3093 1119 3163 contemplationem.

98 3167 158 3221 sine
177 3167 256 3222 exitu
274 3169 324 3221 est.
354 3170 398 3220 est
411 3166 486 3220 enim
500 3165 528 3220 A
542 3166 584 3235 (in
597 3171 718 3221 extrema
730 3166 814 3220 butue
828 3166 933 3236 diatoyi
942 3172 1024 3234 parte
1037 3165 1121 3220 verbo

97 3255 187 3294 errore
206 3240 317 3294 librarii
334 3239 391 3294 cod.
407 3239 435 3292 A
452 3239 564 3306 saepiae
581 3238 683 3292 iterato
701 3238 754 3307 leci
771 3243 861 3292 monet
881 3237 973 3303 Gerra)
995 3237 1006 3308 Η
1028 3235 1062 3290 17
1083 3252 1121 3290 an

96 3312 131 3365 ut
147 3310 216 3380 colo.
231 3310 294 3376 fort.
309 3315 379 3364 recte
406 3309 412 3452 Η
433 3308 468 3364 18
486 3325 539 3363 nec
557 3306 612 3362 tibi
629 3323 765 3375 umquam
784 3308 867 3363 Gertz
885 3324 937 3363 nec
955 3311 987 3360 tc
1006 3323 1077 3374 quas
1092 3309 1121 3362 A

97 3397 150 3435 nec
163 3396 298 3449 umquam
314 3380 384 3449 colo.
429 3378 464 3434 21
479 3379 557 3433 nuda
571 3379 669 3433 sedere
683 3393 798 3448 operam
812 3377 854 3432 A¹
867 3394 934 3432 corr.
949 3377 1013 3444 fort.
1028 3396 1063 3432 m.
1078 3382 1098 3432 2
1110 3379 1122 3450 Η

97 3451 133 3507 22
151 3450 348 3520 imperfectum
366 3467 399 3506 oo
409 3468 434 3520 9.
456 3450 531 3506 inter
549 3449 656 3504 fectum
674 3451 702 3505 A
732 3449 736 3522 Η
760 3447 796 3503 25
818 3447 899 3502 illam
918 3447 1021 3503 debere
1040 3448 1120 3503 illam

85 3524 121 3575 A
130 3521 206 3591 Η27
220 3522 330 3577 suntA
352 3523 397 3577 est
413 3521 495 3579 Gertz
511 3522 523 3597 Η
540 3519 576 3578 28
595 3521 697 3591 quodsi
745 3521 829 3590 pastae
846 3519 917 3589 qnid
936 3521 961 3576 si
974 3521 1003 3576 A
