2438 3846
188 224 238 278 AD
258 223 454 279 PAVLINVM
471 224 520 279 DE
539 223 752 279 BREVITATE
765 178 878 279 VITAE
897 221 975 279 GAP.
991 228 1025 278 20
1067 224 1133 292 309

106 370 262 454 inprobos
286 368 429 435 invalida
452 369 576 436 defecit.
616 368 730 435 foedus
753 369 822 454 ille,
846 389 942 452 quem
960 368 995 433 in
1013 368 1169 434 indicias

106 481 167 545 pro
186 458 398 546 ignotissimis
416 459 637 546 litigatoribus
656 457 811 544 grandem
829 461 909 524 natu
927 460 960 522 et
977 457 1135 543 inperitae

107 569 252 615 coronae.
276 549 477 636 assensiones
511 551 695 634 captantem
727 547 860 632 spiritus
889 547 1000 632 liquit,
1029 547 1134 632 turpis

107 637 176 721 ille,
209 637 266 722 qui
296 637 433 703 virendo
463 639 568 703 lassus
599 637 695 703 citius
719 658 817 719 qnam
843 635 1022 711 laborando
1050 635 1136 701 inter

75 727 179 811 sipsa
211 725 334 810 officia
352 727 525 810 conlapsus
558 729 620 810 est3
657 726 775 809 turpis,
810 745 906 809 quem
939 723 1135 810 accipiendis

106 815 334 880 immorientem
363 815 543 881 rationibus
573 814 630 879 diu
657 816 780 879 tractus
805 813 877 879 risit
898 814 999 895 heres.¹
1046 829 1170 899 prae-t

106 904 203 968 terire
241 903 328 988 quod
368 904 449 968 milri
486 903 628 970 occurrit
664 903 848 987 exemplum
884 925 952 968 non
988 924 1136 989 possum:

108 991 139 1058 S.
154 990 338 1057 Turannius
368 992 432 1058 fnit
462 995 593 1059 exactae
623 991 811 1079 diligentiae
841 1014 951 1075 senex,
982 993 1038 1075 qui
1060 995 1137 1077 post

107 1103 228 1146 annum
260 1082 522 1167 nonagesimum,
557 1103 631 1148 cum
663 1082 866 1146 vacationem
898 1081 1136 1166 procurationis

61 1191 89 1231 ιο
107 1170 147 1234 ab
172 1168 205 1234 0.
220 1169 354 1235 Caesare
377 1172 464 1236 ultro
488 1170 677 1256 accepisset,
705 1168 859 1255 componi
882 1191 916 1234 se
938 1169 1079 1234 inlecto
1103 1173 1137 1234 et

106 1259 197 1323 velut
226 1258 407 1324 exanimem
434 1281 454 1323 a
477 1259 707 1326 circumstante
736 1258 861 1324 familia
890 1258 1004 1344 plangi
1033 1258 1134 1323 iussit.

105 1347 240 1432 lugebat
273 1347 387 1413 domus
421 1348 524 1414 otium
557 1348 682 1414 domini
714 1347 798 1413 sonis
831 1368 890 1413 nec
922 1347 1031 1411 finivit
1062 1351 1136 1412 aute

105 1436 288 1520 tristitiam,
311 1459 408 1521 quam
431 1438 524 1504 labor
546 1437 596 1502 illi
619 1458 697 1502 suus
719 1436 888 1502 restitutus
912 1439 969 1501 est.
1015 1435 1136 1500 adeone

106 1524 197 1590 iuvat
230 1529 424 1610 occupatum
453 1525 561 1591 mori?
604 1525 691 1591 idem
721 1525 884 1611 plerisque
914 1526 1041 1590 animus
1074 1527 1171 1590 estzs

61 1633 87 1675 ιε
107 1613 228 1679 diutius
259 1615 419 1699 cupiditas
446 1615 516 1681 illis
539 1614 661 1680 laboris
686 1635 783 1698 quam
807 1614 944 1680 facultas
968 1617 1032 1704 est,
1061 1635 1136 1679 cum

106 1703 318 1768 inbecillitate
341 1704 487 1787 corporis
511 1707 674 1790 pugnant,
696 1706 894 1769 senectutem
917 1703 1022 1787 ipsam
1045 1703 1136 1768 nullo

106 1791 171 1857 alio
194 1793 326 1857 nomine
350 1814 482 1879 gravem
504 1792 662 1878 iudicant,
682 1814 780 1877 quam
799 1792 887 1876 quod
905 1793 980 1857 illos
1000 1793 1136 1876 seponit.

105 1880 159 1945 lex
182 1903 202 1944 a
225 1881 496 1967 quinquagesimo
524 1904 610 1947 anno
639 1883 776 1948 militem
799 1903 866 1947 non
888 1880 983 1967 legit,
1006 1903 1025 1945 a
1048 1903 1137 1946 sexa·

106 1969 230 2054 gesimo
261 1976 443 2036 senatorem
472 1992 541 2036 non
571 1972 663 2037 citat:
694 1970 858 2036 difficilius
889 1971 1037 2035 homines
1061 1993 1080 2034 a
1103 1992 1136 2034 se

60 2078 88 2118 so
107 2060 211 2123 otium
233 2059 411 2145 impetrant
433 2081 531 2144 quam
555 2083 575 2125 a
596 2061 677 2145 lege.
715 2059 845 2124 interim
869 2060 945 2124 dum
964 2061 1136 2142 rapiuntur
1155 2075 1172 2123 o

106 2151 140 2212 et
169 2149 314 2232 rapiunt,
346 2148 424 2214 dum
454 2151 537 2214 alter
566 2149 699 2215 alterius
730 2148 871 2233 quietern
898 2149 1034 2233 rumpit,
1059 2149 1136 2211 dum

107 2240 221 2302 mutuo
246 2237 355 2302 miseri
378 2240 467 2322 sunt,
490 2238 559 2302 vita
577 2241 626 2302 est
644 2237 713 2303 sine
730 2238 852 2320 fructu,
872 2238 941 2302 sine
959 2238 1136 2320 voluptate,

108 2324 176 2390 sine
204 2327 273 2391 ullo
302 2327 451 2411 profectu
478 2326 592 2391 animi:
622 2347 717 2391 nemo
741 2326 776 2390 in
798 2325 973 2410 conspicuo
998 2331 1135 2390 mortem

106 2413 219 2499 habet,
248 2436 344 2480 nemo
374 2437 442 2481 non
471 2416 587 2500 procul
616 2435 689 2500 spes
721 2414 872 2499 intendit,
904 2415 1035 2498 quidam
1060 2436 1135 2479 roro

61 2520 88 2562 se
107 2503 285 2587 disponunt
315 2505 413 2569 etiam
441 2506 512 2587 illa,
542 2526 624 2589 quae
652 2504 739 2569 ultra
757 2504 858 2569 vitam
882 2508 972 2587 sunt,
1002 2524 1135 2589 magnas

106 2593 210 2657 moles
234 2593 457 2677 sepulcrorum
479 2597 513 2658 et
536 2615 671 2677 operum
695 2593 900 2676 publicorum
919 2593 1136 2658 dedicationes

107 2684 140 2745 et
170 2680 212 2744 ad
241 2703 358 2767 rogum
388 2705 523 2747 munera
550 2688 584 2747 et
611 2680 797 2749 ambitiosas
822 2683 980 2766 exequias.
1028 2687 1062 2745 at
1084 2703 1137 2747 me

106 2769 254 2834 hercules
284 2771 422 2835 istorum
452 2771 581 2855 funera,
603 2775 769 2854 tamquam
793 2771 965 2836 minimum
988 2770 1138 2854 vixerint,

107 2858 147 2923 ad
172 2858 257 2947 faces
281 2862 314 2924 et
337 2880 446 2925 cereos
471 2859 618 2926 ducenda
640 2863 724 2925 sunt.

197 3032 215 3086 2
242 3039 307 3101 post
335 3033 472 3103 grandem
500 3035 571 3088 natu
596 3040 647 3090 aut
670 3034 877 3088 declamantem
900 3037 960 3088 sim.
979 3035 1138 3089 addendam

106 3109 158 3158 aut
182 3105 212 3157 et
237 3104 388 3160 tollendam
414 3111 503 3160 censet
528 3105 610 3160 Gertz
637 3105 641 3176 Ι
668 3105 819 3175 imperitae
842 3106 910 3175 culp.
935 3106 1062 3173 inpedite
1082 3106 1110 3160 A
1127 3105 1138 3178 Η

106 3171 321 3230 &assensiones
340 3176 368 3230 A
385 3176 434 3231 sed
452 3191 484 3229 os
503 3193 525 3231 s.
540 3193 565 3231 v.
579 3176 645 3230 add.
660 3174 703 3231 A⁸
725 3175 736 3248 Η
761 3176 778 3230 5
800 3178 874 3231 iuter
896 3176 987 3244 turpis
1009 3183 1034 3230 et
1053 3192 1137 3244 quem
1189 3222 1190 3227 ,

107 3261 150 3316 A⁶
172 3280 194 3318 s.
214 3281 239 3318 c.
263 3263 312 3319 ille
338 3264 450 3319 addidit
474 3263 484 3337 Η
511 3263 529 3318 8
555 3263 582 3318 S.
602 3263 763 3318 Turannius
788 3264 870 3319 Gertz
896 3252 1057 3333 styrannius
1078 3266 1106 3320 A
1128 3263 1139 3336 ll

107 3331 248 3462 {gullc'grt1
247 3335 424 3405 Bonpurss'ue
446 3335 520 3404 tegit
534 3335 562 3390 A
581 3334 624 3405 (ai
640 3335 717 3406 cogit
734 3336 768 3389 ie
785 3352 871 3405 maru.
887 3335 938 3405 Aa)
956 3335 967 3408 ll
981 3335 1026 3389 ¹26
1043 3335 1138 3406 pupli-

199 3513 313 3570 Sudecre'
332 3517 433 3570 tionem
447 3517 534 3571 rateto
549 3516 655 3586 pictam
668 3515 742 3570 hauc
755 3515 838 3570 licto
848 3515 936 3568 utem
947 3515 990 3564 'xi
998 3513 1161 3588 Qum&

107 3583 153 3638 Ad
171 3583 293 3640 Paulina
335 3603 356 3666 ¹e
375 3585 520 3644 breuitate
538 3587 603 3664 uite
623 3586 749 3660 explicit
775 3622 831 3634 w
850 3584 870 3654 l
886 3582 934 3634 Ru
952 3579 988 3630 <ix
1003 3579 1060 3640 ux*
1081 3568 1189 3635 lllllll
