2438 3846
364 703 405 775 n.
432 701 628 776 sunsei
656 699 877 774 enuncia

214 878 698 981 DIALOGORVM
730 877 951 978 LIBER
978 878 1039 976 V.

520 1053 564 1096 An
578 1053 732 1097 novarum

558 1176 608 1232 DE
626 1175 691 1232 IRA

527 1321 658 1364 LIBER
677 1321 722 1364 ΠΙ.

76 1483 92 1533 1
201 1466 226 1532 Ι.
264 1467 358 1545 Quod
381 1467 521 1532 maxime
544 1466 744 1548 desiderasti,
767 1466 908 1547 Novate,
929 1487 1016 1532 nunc
1034 1467 1139 1532 facere

111 1556 356 1641 temptabimus,
378 1557 460 1620 iram
484 1555 629 1621 excidere
652 1555 768 1619 animis
792 1559 848 1620 aut
872 1559 956 1621 certe
979 1556 1139 1621 refrenare

99 1650 145 1712 et
167 1645 308 1730 impetus
336 1645 404 1711 eius
432 1644 584 1711 inhibere.
631 1645 665 1709 id
689 1644 862 1729 aliquando
885 1645 994 1730 palam
1018 1649 1140 1727 aperte·

113 1756 176 1819 que
207 1734 390 1801 faciendum
423 1739 486 1819 est,
517 1735 573 1800 ubi
606 1734 712 1800 minor
741 1734 791 1799 vis
819 1734 897 1799 meli
925 1733 1061 1825 patitur,
1083 1734 1140 1798 eli-

113 1825 242 1909 quando
266 1846 307 1891 ex
330 1826 473 1907 occulto,
495 1825 552 1890 ubi
574 1823 712 1888 nimium
735 1824 827 1888 ardet
847 1825 1000 1909 omnique
1018 1823 1140 1909 inpedi·
1173 1837 1186 1880 ⁵

112 1917 222 1980 mento
260 1917 468 1999 exasperatur
504 1917 537 1977 et
573 1913 702 1998 crescit3
742 1914 841 1977 refert
877 1916 1014 1997 quantes
1056 1914 1140 1978 vires

114 2025 275 2088 quamque
294 2004 436 2090 integras
454 2003 582 2085 habeat,
599 1999 710 2067 utrum
725 2003 957 2068 reverberanda
971 2007 1004 2067 et
1017 2002 1142 2088 agenda

113 2097 199 2159 retro
223 2093 266 2159 sit
288 2116 330 2158 an
353 2092 465 2160 cedere
488 2092 518 2157 ei
541 2092 728 2174 debeamus,
746 2091 824 2156 dum
842 2095 1016 2177 tempestas
1035 2090 1142 2176 prima

77 2182 269 2266 edesaevit,
290 2205 332 2247 ne
354 2181 496 2248 remedia
518 2182 590 2266 ipsa
613 2203 723 2248 secum
745 2181 836 2247 ferat.
883 2182 1054 2248 consilium
1080 2204 1140 2268 pro

113 2271 258 2339 moribus
277 2272 433 2357 cuiusque
452 2271 644 2358 capiendum
664 2272 738 2355 erit3
757 2272 915 2356 quosdam
930 2272 1016 2337 enim
1030 2293 1140 2357 preces
1160 2287 1188 2327 1⁰

113 2363 262 2446 vincunt,
290 2362 422 2446 quidam
449 2361 608 2426 insultant
630 2362 816 2445 instantque
839 2360 1035 2445 summissis,
1058 2383 1141 2446 quos

113 2451 263 2518 terrendo
291 2451 505 2537 placabimus,
535 2450 616 2516 alios
646 2450 843 2537 obiurgatio,
866 2451 947 2516 ebus
971 2450 1142 2533 confessio,

114 2540 195 2607 alios
224 2540 331 2626 pudor
361 2543 477 2626 coepto
508 2539 636 2625 deiecit,
663 2540 744 2605 alios
772 2562 878 2624 mora,
903 2541 1029 2606 lentum
1052 2561 1142 2624 prae

101 2629 221 2716 'cipitis
252 2630 330 2696 mali
358 2629 551 2714 remedium,
578 2629 618 2695 sd
642 2629 729 2715 quod
751 2630 928 2695 novissime
951 2629 1142 2695 descenden-

79 2720 193 2786 tdum
216 2723 274 2785 est.
319 2721 417 2786 ceteri
440 2719 527 2787 enim
550 2719 695 2786 adfeetus
719 2719 907 2785 dilationem
930 2719 1092 2805 recipiunt
1110 2722 1143 2784 et
1161 2732 1187 2802 ιβ

115 2809 221 2875 curari
243 2809 366 2874 tardius
384 2813 536 2895 possunt,
552 2808 650 2873 huius
669 2809 803 2875 incitata
821 2813 854 2874 et
872 2830 906 2874 se
924 2809 996 2893 ipsa
1013 2808 1142 2893 rapiens

114 2897 269 2963 violentia
290 2920 358 2964 non
380 2898 538 2984 paulatim
560 2898 707 2984 procedit
731 2897 800 2981 sed,
823 2897 900 2962 dum
921 2898 1051 2982 incipit,
1072 2900 1143 2962 tota

114 2990 177 3072 est3
206 3008 266 3053 nec
294 2987 431 3054 aliorum
455 3009 545 3053 more
568 2987 722 3053 vitiorum
746 2987 901 3053 sollicitat
923 2987 1063 3070 animos,
1086 2986 1142 3051 sed

114 3075 247 3144 abducit
280 3080 312 3142 et
343 3077 526 3164 inpotentes
559 3077 610 3142 sui
643 3076 841 3163 cupidosque
873 3077 925 3142 vel
959 3075 1141 3144 communis

114 3166 194 3232 mali
225 3166 382 3254 exagitat,
411 3189 472 3233 nec
501 3168 537 3232 in
566 3189 604 3232 ea
633 3171 759 3232 tantum
787 3169 822 3231 in
851 3189 933 3251 quae
961 3166 1143 3251 destinavit,
1161 3179 1188 3219 ²⁰

207 3342 222 3398 7
241 3342 447 3398 reverberanda
466 3343 625 3414 Heueiuper
641 3341 856 3398 neuerberanda
870 3344 898 3397 A
916 3342 926 3415 Η
944 3341 978 3397 11
998 3358 1069 3411 quoe
1086 3344 1143 3397 ter·

98 3413 194 3464 mado
205 3416 318 3482 saepe·
329 3415 443 3470 aeneio
456 3415 611 3485 obsecutus,
625 3416 674 3486 qui
689 3431 760 3484 quos
776 3413 961 3470 conterrendo
976 3429 1045 3470 corr.
1060 3430 1144 3482 quos-

85 3475 155 3528 dam
178 3483 319 3538 terrendo
332 3487 401 3542 AL
420 3487 492 3559 uolq.
