2438 3846
170 177 221 233 AD
243 175 440 234 PAVHNVM
456 177 506 233 DE
525 176 736 233 BREVITATE
750 176 863 233 VITAE
883 175 960 234 clP.
977 182 1011 232 1s
1053 179 1118 246 297

91 346 200 390 rerum
220 324 417 391 oblivionem
436 324 595 409 sentiunt,
617 324 674 389 scd
691 325 869 390 multarum
905 323 1121 408 timitantu13

93 414 251 499 quaedam
281 413 362 479 vitia
390 415 466 479 illos
494 413 588 500 quasi
614 413 779 480 felicitatis
802 417 994 501 argumenta
1017 413 1120 480 delec-

92 508 177 589 tent3
199 503 297 570 nimis
320 503 455 569 humilis
479 508 512 569 et
534 503 714 588 contempti
732 503 874 569 bominis
893 503 1022 569 ridetur
1040 503 1121 569 scire

92 594 170 678 quid
194 593 308 660 facias:
331 594 343 658 i
365 615 454 661 nunc
476 597 509 659 et
531 594 649 659 mimos
672 594 777 659 multa
799 592 930 658 mentiri
949 592 990 659 ad
1008 615 1122 678 expro-

59 702 72 744 ι
92 682 248 749 brandam
266 684 431 750 luxuriam
449 687 537 767 puta.
573 683 669 767 plura
686 705 739 748 me
755 683 902 749 hercules
916 687 1122 767 praetereunt

91 794 189 858 quam
212 774 342 860 fingunt
364 777 397 838 et
420 776 511 838 tanta
533 772 771 838 incredibilium
788 773 944 837 vitiorum
962 772 1057 856 copia
1074 771 1122 836 in·

90 863 224 949 genioso
248 863 284 928 in
306 863 370 928 hoc
393 884 495 927 unum
518 863 647 929 saeculo
669 862 840 947 prooessit,
863 861 989 927 utiam
1008 861 1122 927 mimo·

90 974 163 1017 rum
182 974 316 1039 arguere
334 952 498 1037 possimus
516 952 763 1039 neglegentiam.
802 972 872 1017 esse
890 952 1048 1037 aliquem,
1066 951 1123 1036 qui

89 1063 193 1128 usque
220 1065 258 1108 eo
283 1041 406 1109 deliciis
429 1041 599 1126 interierit,
627 1045 665 1107 ut
687 1064 729 1107 an
752 1040 860 1107 sedeat
883 1042 978 1107 alteri
1000 1039 1122 1107 credat!

45 1151 158 1197 senon
188 1136 237 1198 est
267 1153 345 1218 ergo
375 1131 431 1197 bic
461 1130 598 1215 otiosus,
629 1130 717 1196 aliud
746 1131 796 1196 illi
823 1153 944 1197 nomen
971 1131 1158 1215 inponam

91 1242 188 1307 aeger
210 1225 273 1306 est,
296 1221 396 1286 immo
420 1224 568 1287 mortuus
593 1224 655 1305 est;
677 1221 733 1285 ille
757 1220 880 1286 otiosus
904 1224 968 1304 est,
990 1220 1043 1285 cui
1062 1220 1123 1286 otii

92 1311 143 1376 sui
163 1314 198 1376 'et
222 1332 334 1377 sensus
359 1314 416 1376 est.
462 1311 517 1376 hic
538 1331 616 1375 vero
641 1309 831 1395 semivivus,
859 1310 912 1376 cui
935 1309 976 1376 ed
998 1309 1123 1375 intelle-

92 1400 214 1486 gendos
238 1401 383 1485 corporis
407 1399 459 1465 sui
481 1399 612 1465 babitus
635 1399 740 1465 indice
765 1421 847 1484 opus
871 1404 934 1485 est,
957 1398 1121 1484 quomodo

90 1491 200 1574 potest
222 1488 276 1556 bio
299 1490 399 1555 ullius
423 1489 579 1574 temporis
604 1488 755 1555 dominus
779 1488 870 1555 esse?

45 1596 72 1637 ιι
180 1576 268 1643 ΧΙΠ.
306 1577 463 1664 Persequi
486 1579 633 1665 singulos
655 1579 792 1666 longum
816 1582 879 1663 est,
903 1600 1043 1662 quorum
1066 1580 1123 1643 aut
1142 1593 1157 1643 1

89 1667 265 1734 latrunculi
288 1672 344 1733 aut
361 1668 430 1753 pila
448 1671 505 1733 eut
522 1668 724 1752 excoquendi
741 1667 777 1733 in
794 1669 863 1733 sole
882 1667 1027 1751 corporis
1045 1688 1123 1733 cura

90 1778 320 1842 consumpsere
347 1757 458 1823 vitam.
503 1779 572 1822 non
599 1760 676 1823 sunt
703 1756 813 1841 otiosi,
842 1778 982 1842 quorum
1009 1758 1123 1842 volup

91 1849 174 1912 tetes
202 1849 343 1912 multum
370 1846 496 1933 negotii
518 1845 649 1912 babent.
695 1868 772 1911 nam
796 1846 835 1912 de
858 1845 923 1912 illis
946 1869 1042 1912 nemo
1067 1847 1123 1912 du·

90 1935 222 2020 litabit,
254 1936 334 2020 quin
362 1957 498 2022 operose
525 1935 610 2001 nihil
636 1939 749 2023 agant,
782 1935 839 2019 qui
865 1936 1048 2002 litterarum
1076 1937 1123 2001 in·

45 2042 72 2083 ²0
90 2024 221 2091 utilium
258 2025 373 2091 studiis
407 2025 605 2110 detinentur,
642 2047 724 2109 quae
756 2024 821 2091 iam
850 2029 929 2110 aput
956 2024 1123 2091 Romanos

92 2136 222 2199 quoque
241 2136 360 2202 magna
379 2135 493 2180 manus
513 2118 570 2180 est.
614 2112 810 2180 Graecorum
828 2115 890 2180 iste
909 2116 1041 2180 morbus
1060 2114 1157 2180 suits

92 2226 259 2289 quaerere,
290 2227 387 2289 quem
415 2227 587 2271 numerum
615 2203 730 2272 Ulixes
757 2205 919 2292 remigum
946 2203 1124 2289 habuisset,
1176 2203 1179 2209 ’

83 2293 181 2382 ¹prior
203 2294 325 2378 scripta
348 2297 433 2360 esset
451 2293 527 2361 Ilias
551 2317 594 2360 an
612 2292 765 2381 Odyssia,
787 2299 953 2380 praeterea
976 2316 1018 2359 an
1041 2295 1123 2359 eius-

92 2384 165 2450 dem
193 2386 300 2451 essent
328 2384 484 2469 auctoris,
512 2385 576 2450 alia
604 2384 755 2469 deinceps
782 2383 879 2449 huius
902 2386 1011 2467 notae,
1041 2405 1123 2469 quae

46 2489 73 2531 ¹⁵
92 2471 159 2539 sive
183 2473 365 2559 contineas,
386 2473 472 2539 nibil
492 2474 626 2540 tacitam
649 2473 882 2540 conscientiam
904 2473 1031 2557 iuvant,
1054 2473 1123 2537 sive

91 2563 251 2647 proferas,
273 2584 341 2630 non
365 2563 492 2630 doctior
514 2563 652 2649 videaris
676 2567 727 2629 set
744 2563 919 2629 molestior.
967 2583 1040 2627 ecce
1059 2560 1158 2626 Ros

92 2674 206 2718 manos
234 2673 364 2737 quoque
399 2652 519 2719 invasit
551 2653 648 2719 inane
680 2653 824 2719 studium
853 2672 1051 2738 supervacua
1077 2651 1123 2716 di·

93 2743 216 2826 scendi3
251 2743 303 2807 his
341 2741 455 2808 diebus
488 2741 576 2808 audii
609 2743 770 2827 quendam
802 2742 1009 2826 referentem,
1039 2763 1122 2825 quae

182 2916 201 2972 4
219 2916 309 2972 facias
324 2918 366 2973 Α1
385 2918 476 2973 faciat
489 2918 533 2974 A⁶
552 2918 556 2990 Ι
577 2918 588 2974 i
606 2935 682 2973 nunc
699 2920 769 2990 oolq.
788 2918 819 2973 in
836 2935 893 2973 unc
906 2918 936 2973 A
953 2918 1001 2974 sed
1018 2935 1054 2973 m.
1068 2933 1121 2972 rec.

91 2987 218 3058 haspra
235 3006 256 3042 u
273 2988 339 3044 add.
360 2988 371 3061 11
393 2988 428 3044 11
448 2989 495 3044 cui
513 2996 577 3045 ante
596 2989 649 3045 otii
665 2988 865 3045 s.o.add.A¹
881 2988 892 3063 ll
909 2987 1123 3044 lacman

92 3074 162 3116 corr.
176 3060 231 3115 vid.
250 3059 298 3115 cui
311 3059 364 3115 otii
378 3063 408 3116 et
422 3060 467 3116 sui
480 3076 578 3117 sensus
592 3063 636 3116 cst
655 3063 698 3118 W.
714 3061 822 3117 Gemoll
842 3061 846 3132 l
867 3059 1071 3131 adintegendos
1081 3058 1124 3115 ΑΙ

92 3144 162 3188 corr.
183 3130 225 3186 A*
247 3131 258 3205 {l
280 3131 316 3187 19
334 3131 405 3202 quin
418 3133 446 3188 A
465 3135 495 3201 (n
513 3150 535 3189 s.
549 3151 574 3189 o.
589 3133 653 3187 odd.
668 3134 724 3188 vett.
739 3151 774 3189 m.
789 3135 817 3203 3)
840 3132 851 3205 ll
875 3131 912 3187 23
931 3148 968 3187 sn
985 3134 1018 3187 in
1036 3131 1123 3187 litura

92 3200 146 3270 A¹;
168 3219 203 3258 aa
223 3204 265 3258 A¹
286 3205 426 3274 scriptura
447 3205 549 3260 ultim
571 3205 664 3260 littera
686 3221 699 3259 s
722 3205 778 3262 veit.
799 3205 886 3272 foisse
913 3203 917 3275 l
946 3202 1060 3272 odyssia
1080 3201 1123 3258 A¹

93 3273 214 3344 odyssea
234 3275 277 3330 A⁶
301 3275 312 3348 tl
335 3275 372 3331 24
395 3278 489 3331 essent
512 3276 594 3332 Gertz
617 3278 691 3331 esset
708 3279 736 3331 A
760 3276 920 3402 {genetoris
938 3276 980 3332 Αι
1000 3292 1069 3331 corr.
1089 3291 1123 3329 ecc

93 3346 250 3431 auctoritas
274 3346 285 3418 ΙΙ
309 3347 344 3402 27
365 3344 473 3403 discedi
491 3347 534 3402 Αι
551 3364 620 3403 corr.
637 3351 705 3403 Μ
725 3347 754 3476 q,
807 3346 885 3418 ,audi
902 3341 945 3403 A¹
963 3346 1062 3400 audiui
1080 3345 1123 3401 A⁸

51 3435 54 3442 ¹
92 3416 145 3483 cfr.
159 3423 238 3487 epist.
252 3421 325 3485 68,9
344 3420 662 3489 (paq.218‚10Hensc)
682 3424 708 3474 et
754 3419 880 3475 onsbaot:
898 3420 932 3474 de
949 3418 1012 3474 Sea·
1027 3418 1120 3473 libror.

92 3490 249 3630 tamque
273 3496 300 3546 et
324 3491 428 3545 emend.
454 3494 554 3561 p.130
581 3490 674 3547 adnot.
695 3494 731 3546 62
766 3490 772 3564 l
803 3489 976 3546 referentem
999 3491 1077 3557 <tem
1093 3491 1132 3538 ua
