2438 3846
120 178 171 232 AD
190 175 384 232 PAVLINVM
401 176 451 232 DE
470 175 680 232 BREVITATE
693 175 806 231 vluna
825 175 901 233 clf.
918 182 959 233 11.
976 183 1009 233 12
1050 179 1116 247 295

96 323 136 390 ab
161 323 310 389 omnibus
332 323 536 406 recesserint,
558 322 620 387 sibi
638 321 703 407 ipsi
721 322 849 388 molesti
867 325 956 388 sunt:
980 344 1117 407 quorum

95 436 162 479 non
190 414 294 478 otiosa
320 414 388 476 vita
416 411 550 478 dicenda
577 416 639 496 est,
667 412 722 478 sed
751 412 910 478 desidiosa
937 414 1116 498 occupatio.

95 503 189 568 illum
216 506 252 566 tu
281 501 421 566 otiosum
447 523 544 567 vocas
573 503 629 586 qui
658 500 837 585 Corinthia,
864 523 1041 586 paucorum
1067 501 1117 567 fu·

94 614 167 657 rore
196 591 352 676 pretiosa,
380 592 476 655 anxia
506 591 685 675 suptilitate
713 591 885 656 concinnat
908 595 940 656 et
962 591 1117 656 maiorem

64 699 77 740 s
96 680 220 745 dierum
242 683 367 764 partem
390 680 425 744 in
447 679 647 765 aeruginosis
669 680 808 745 lamellis
832 680 1015 745 consumit?
1060 680 1117 763 qui

95 769 131 834 in
158 771 317 834 ceromate
345 766 449 855 (nam,
476 789 535 853 pro
558 768 697 834 facinusl
743 791 784 833 ne
807 766 962 834 Romanis
987 768 1116 852 quidem

95 858 183 922 vitiis
206 855 405 945 laboramus)
429 861 591 941 spectator
614 879 787 942 puerorum
810 858 986 923 rixantium
1008 855 1119 923 sedet?

97 948 153 1032 qui
175 948 391 1012 iumentorum
415 968 546 1012 suorum
565 968 678 1033 greges
697 947 732 1010 in
750 947 904 1012 aetatium
922 952 955 1011 et
973 947 1118 1013 colorum

96 1037 186 1120 paria
210 1035 353 1101 diducit?
395 1037 451 1119 qui
473 1035 611 1101 athletas
633 1036 827 1101 novissimos
851 1036 977 1121 pascit?
1017 1035 1153 1120 quiite

51 1147 77 1187 10
96 1126 170 1190 illos
190 1126 311 1190 otiosos
330 1146 439 1207 vocas,
463 1124 581 1208 quibus
600 1128 680 1208 aput
697 1128 861 1190 tonsorem
872 1126 1003 1190 ‘multae
1018 1125 1118 1190 borae

95 1215 370 1298 transmittuntur,
395 1213 471 1278 dum
495 1214 691 1299 decerpitur,
713 1215 742 1279 si
761 1215 838 1298 quid
857 1218 1005 1299 proxima
1022 1217 1118 1279 nocte

97 1303 268 1388 subcrevit,
282 1303 357 1368 dum
373 1304 412 1368 de
426 1303 563 1388 singulis
578 1303 704 1388 capillis
718 1304 754 1368 in
767 1305 938 1368 consilium
952 1303 1027 1387 itur,
1042 1303 1116 1369 dum

95 1396 153 1457 ant
180 1393 313 1458 disiecta
340 1414 432 1458 coma
459 1393 641 1458 restituitur
668 1397 724 1458 aut
748 1392 898 1459 deficiens
921 1392 999 1458 hinc
1021 1396 1118 1475 atque

96 1481 187 1546 illinc
218 1482 254 1545 in
284 1480 425 1546 frontem
458 1481 687 1565 compellitur?
732 1481 894 1565 quomodo
925 1481 1118 1564 irascuntur,

51 1591 76 1633 1⁵
95 1570 124 1635 si
146 1573 259 1635 tonsor
281 1571 379 1655 paulo
397 1571 623 1657 neglegentior
640 1570 715 1653 fuit,
738 1575 905 1653 tamquam
923 1571 1029 1635 virum
1047 1573 1119 1634 ton-

97 1659 197 1724 deretl
244 1659 405 1742 quomodo
436 1659 685 1743 excandescunt,
718 1659 746 1725 si
776 1660 854 1744 quid
884 1681 924 1724 ex
953 1659 1031 1724 iuba
1060 1680 1119 1724 sua

97 1749 239 1814 decisum
263 1753 326 1832 est,
352 1749 380 1813 si
404 1749 481 1832 quid
504 1754 595 1814 extra
619 1750 764 1813 ordinem
787 1750 900 1832 iacuit,
922 1749 987 1814 nisi
1010 1749 1119 1813 omnia

96 1838 131 1901 in
158 1837 271 1901 anulos
300 1837 598 1902 suosrecideruntl
646 1837 718 1922 quis
742 1842 790 1904 est
813 1838 949 1902 istorum
973 1838 1119 1922 quinon

96 1927 278 1991 molitiem
301 1926 466 2011 publicam
488 1928 612 1992 turbari
635 1948 732 2011 quem
756 1948 880 1993 comam
904 1925 1017 1991 suam?
1062 1925 1119 2011 qui

50 2038 77 2078 so
95 2037 162 2080 non
190 2015 360 2080 sollicitior
388 2016 430 2081 sit
458 2016 496 2081 de
525 2017 640 2100 capitis
669 2017 719 2080 sui
747 2016 861 2081 decore
890 2016 1048 2099 quamde
1072 2037 1120 2081 sa·

95 2103 185 2170 luto?
231 2106 287 2189 qui
313 2127 380 2170 non
408 2107 569 2189 comptior
596 2127 664 2171 esse
692 2105 785 2170 malit
812 2128 909 2190 quam
931 2104 1120 2171 honestior?

95 2193 156 2259 hos
184 2197 220 2258 tu
248 2194 369 2259 otiosos
398 2216 494 2260 vocas
522 2196 606 2260 inter
628 2196 790 2279 pectinem
813 2195 1044 2278 speculumque
1068 2215 1119 2260 oc-

98 2282 253 2368 cupatos?
299 2284 377 2368 quid
409 2285 472 2367 illi,
508 2286 564 2367 qui
594 2285 630 2348 in
662 2285 906 2369 componendis,
943 2284 1155 2368 audiendis,4

98 2373 257 2440 discendis
281 2374 415 2439 canticis
440 2375 564 2457 operati
583 2378 672 2454 sunt,
696 2374 773 2439 dum
794 2395 920 2457 vocem,
943 2375 1034 2442 cuius
1053 2395 1119 2439 rec·

52 2483 78 2524 ss
96 2467 166 2527 tum
203 2484 331 2528 cursum
369 2467 484 2528 nature
521 2467 553 2527 et
585 2464 746 2546 optimum
778 2467 811 2528 et
843 2463 1119 2547 simplicissimum

96 2552 187 2636 fecit,
228 2554 263 2616 in
299 2553 401 2617 flexus
439 2552 669 2618 modulationis
706 2554 920 2619 inertissimae
956 2555 1119 2637 torquent,

186 2709 205 2763 2
228 2711 376 2780 occupatio
400 2710 461 2765 tolli
478 2711 535 2766 uolt
553 2710 703 2836 1101161311
728 2711 746 2764 b
769 2709 818 2780 qui
841 2710 923 2765 inche
946 2725 1025 2765 roma
1043 2712 1119 2765 tent.

97 2780 259 2852 profacinus
273 2785 301 2837 A
319 2799 388 2838 corr.
403 2784 537 2854 Agricola
556 2782 567 2854 11
589 2782 603 2838 7
623 2799 688 2852 spec
703 2785 765 2837 ator
784 2780 911 2837 Εναενη.1
928 2783 1051 2836 sectator
1065 2782 1092 2837 A
1110 2781 1121 2854 11

97 2854 115 2908 8
134 2854 322 2908 iumentorum
338 2853 420 2909 Gertz
438 2854 598 2908 iunctorum
612 2856 640 2910 A
660 2854 670 2926 11
692 2853 709 2908 s
728 2852 850 2909 athletas
865 2853 907 2909 ΑΒ
928 2855 930 2922 1
951 2853 1120 2908 nouissimos

97 2927 125 2981 A
143 2927 195 2979 uic
212 2930 295 2993 recte,
313 2925 446 2993 seuquid
464 2925 526 2981 Sea.
542 2927 681 2995 scripserit
698 2927 845 2981 inustum:
863 2925 1024 2979 notisumos
1043 2925 1120 2979 novi·

97 2996 152 3052 tios
166 2995 356 3050 nobilissimos
370 2997 581 3051 nervosissimos
594 2996 783 3051 torosissimos
797 3013 838 3051 uu.
849 2996 895 3050 dd.
905 2997 1029 3052 certatim
1041 2995 1119 3050 novis

98 3067 169 3122 cibis
184 3068 304 3138 Madvig
316 3067 467 3123 novissimo
481 3085 559 3124 more
573 3068 727 3193 6111111110
740 3083 826 3122 uocas
841 3085 909 3123 corr.
919 3085 953 3122 ec
966 3067 1102 3123 uocatA¹
1111 3067 1123 3140 11

98 3139 133 3195 13
151 3141 234 3195 verba
252 3141 303 3194 out
322 3139 453 3195 deficiens
472 3140 539 3194 hinc
558 3142 644 3209 atque
661 3139 742 3194 ilino
760 3140 790 3194 in
804 3139 924 3194 frontem
942 3138 1121 3209 compellitur

97 3214 130 3266 irs
147 3229 233 3283 estorp.
252 3212 364 3280 scripsit
380 3211 464 3282 A⁸(?)
485 3220 511 3268 et
528 3219 594 3282 post
615 3213 774 3266 restituitur
796 3212 944 3267 inscrenda
963 3228 1018 3267 esse
1035 3213 1121 3281 siqni-

98 3285 192 3352 ficauit
216 3284 226 3356 11
252 3283 288 3339 19
313 3282 395 3338 malit
418 3283 459 3338 lt.
467 3282 497 3338 P.
521 3299 601 3338 suam
626 3283 736 3338 turbari
759 3298 845 3352 quam
868 3298 978 3337 comam
998 3283 1027 3338 A
1052 3298 1120 3338 corr.

100 3355 197 3410 Muret
213 3355 297 3409 malit
314 3371 374 3409 rem
387 3371 468 3410 suum
481 3354 555 3410 turb.
571 3372 622 3424 eps.
640 3355 721 3410 Gertz
733 3354 744 3425 11
761 3354 797 3408 20
811 3354 846 3409 de
861 3354 952 3408 salute
967 3355 995 3409 A
1009 3354 1045 3408 de
1058 3371 1079 3407 r.
1092 3370 1120 3422 p.

99 3426 191 3480 salute
211 3428 326 3483 Wolters
343 3426 353 3499 11
371 3425 405 3480 21
426 3427 544 3481 comtior
557 3429 585 3483 A
603 3425 666 3499 1123
684 3426 753 3495 quid
771 3425 828 3492 illi,
848 3426 897 3494 qui
915 3426 946 3480 in
960 3425 1032 3495 vulp.
1052 3423 1121 3493 quid

99 3496 201 3570 illislin
222 3499 250 3553 A
275 3500 353 3568 (quid
378 3515 486 3554 erasum
510 3500 560 3566 sit,
585 3499 686 3568 dispici
710 3514 767 3553 non
790 3500 889 3567 potcstt
913 3495 988 3564 quid
1005 3495 1059 3547 'ult
1076 3495 1138 3557 ψ
1203 3506 1207 3511 ·

101 3569 204 3626 Gruter
216 3569 226 3641 11
242 3567 278 3623 28
291 3569 321 3624 in
335 3569 430 3645 flexus)
441 3573 520 3640 (eras.
535 3573 559 3644 s)
575 3572 604 3628 A
617 3568 756 3627 inflexus
771 3567 1004 3644 linept'xssixmue
1016 3563 1146 3613 usum.
