2438 3846
107 139 151 206 98
305 136 334 192 n.
350 133 494 191 mrum
512 133 678 190 sunnone
697 133 792 190 nnn.
807 134 874 190 mn.
889 133 936 190 Ν.

109 281 187 349 satis
210 281 313 348 instes
334 303 447 348 causas
465 284 561 366 putat
578 280 721 364 amandi,
740 279 827 366 quod
846 281 951 347 aliena
969 285 1031 364 est,
1049 281 1135 348 idem

109 393 244 438 uxorem
262 393 354 437 suam
374 371 476 457 aspici
493 392 561 436 non
577 371 663 454 vult3
681 373 714 435 et
728 369 804 436 fidei
817 370 991 437 acerrimus
1005 375 1137 437 exactor

110 465 160 528 est
182 461 339 545 perfidus,
362 464 395 527 et
417 459 585 526 mendacia
606 459 811 545 persequitur
831 460 900 546 ipse
918 461 1080 546 periurus,
1103 465 1137 526 et

109 550 202 617 litem
221 549 284 616 sibi
302 549 414 616 inferri
433 550 609 636 aegerrime
628 549 842 615 calumniator
858 549 995 636 patitur3
1013 549 1136 634 pudici·

110 641 190 705 tiam
213 640 415 705 servulorum
438 660 571 704 suorum
595 638 789 723 adtemptari
811 662 879 705 non
900 640 972 705 vult
996 639 1137 724 quinon
1169 658 1181 700 s

75 745 91 794 8
110 728 257 815 pepercit
279 750 364 795 suae.
404 727 509 793 aliena
531 727 611 793 vitia
633 727 669 792 in
692 727 794 794 oculis
817 728 987 813 habemus,
1006 751 1025 793 a
1043 731 1136 817 tergo

110 823 223 885 nostra
254 822 344 884 sunt:
376 817 451 884 inde
481 821 531 884 est
560 815 648 901 quod
677 817 871 903 tempestiva
899 818 959 884 filii
989 818 1138 885 convivia

110 912 203 993 pater
232 906 373 974 deterior
400 907 469 973 filio
500 907 652 994 castigat,
679 911 712 972 et
738 907 820 972 nihil
845 907 969 974 alienae
991 907 1136 973 luxuriae

110 997 254 1085 ignoscit
275 997 332 1082 qui
354 995 438 1061 nihil
460 1017 536 1062 suae
558 996 704 1082 negavit,
726 1001 760 1063 et
778 996 959 1063 homicidae
980 1001 1137 1081 tyrannus

111 1086 274 1169 irascitur,
297 1089 330 1151 et
352 1085 449 1171 punit
470 1085 558 1151 furta
581 1085 765 1173 sacrilegus.
802 1086 1184 1173 megnaparshomi·1o

111 1198 191 1241 uum
222 1179 272 1240 est
301 1197 384 1260 quae
411 1196 479 1240 non
505 1175 646 1260 peccatis
668 1175 819 1242 irascitur
841 1176 897 1242 sed
919 1175 1138 1261 peccantibus.

112 1265 210 1332 faciet
231 1286 291 1330 nos
315 1264 546 1331 moderatiores
569 1270 733 1350 respectus
756 1265 875 1349 nostri,
896 1264 924 1331 si
943 1265 1139 1331 consulueri-

111 1377 184 1421 mus
207 1375 281 1421 nos:
324 1354 497 1440 ‘numquid
520 1359 553 1421 et
574 1354 639 1439 ipsi
662 1354 784 1440 aliquid
807 1356 872 1421 tale
896 1353 1139 1422 commisimus?

111 1444 271 1529 numquid
289 1444 336 1511 sio
354 1444 553 1511 erravimus?
577 1444 747 1529 expeditne
763 1444 858 1511 nobis
873 1444 936 1511 ista
950 1443 1138 1510 damnarei'

79 1569 93 1616 1
202 1551 321 1617 XXIX.
357 1551 537 1618 Maximum
555 1551 741 1617 'remedium
770 1551 836 1616 irae
859 1559 951 1617 mora
973 1555 1030 1617 est.
1076 1552 1139 1617 hoc
1159 1570 1185 1612 re

113 1640 153 1706 ab
184 1641 241 1705 illa
271 1644 344 1724 pete
374 1641 483 1725 initio,
511 1663 578 1706 non
606 1645 645 1706 ut
674 1640 835 1728 ignoscat,
862 1640 919 1706 sed
946 1644 984 1705 ut
1005 1639 1139 1707 iudicet:

113 1750 227 1818 graves
264 1729 363 1795 habet
398 1730 539 1814 impetus
571 1729 708 1815 primos;
745 1730 882 1814 desinet,
918 1729 947 1795 si
982 1733 1139 1816 expectat.

113 1840 174 1885 nec
195 1818 380 1885 universam
402 1819 493 1884 illam
515 1819 724 1903 temptaveris
746 1821 873 1886 tollere:
896 1823 968 1885 tota
984 1819 1141 1903 vincetur,

78 1924 95 1974 2
115 1910 192 1975 dum
215 1909 362 1994 partibus
386 1909 537 1994 carpitur.
575 1931 614 1974 ex
633 1910 675 1994 is,
694 1931 776 1994 quae
794 1931 854 1975 uos
874 1909 1055 1994 offendunt,
1078 1909 1142 1974 alia

113 1999 341 2065 renuntiantur
370 1998 481 2083 nobis,
518 1997 582 2063 ulia
613 1999 676 2085 ipsi
712 1998 861 2064 audimus
898 2003 954 2064 aut
985 1999 1140 2065 videmus.
1159 2017 1187 2059 ro

115 2085 155 2152 de
177 2087 232 2170 iis,
255 2110 337 2172 quae
365 2091 496 2154 narrata
525 2092 615 2173 sunt,
644 2111 712 2154 uon
734 2088 888 2154 debemus
912 2089 976 2154 cito
1000 2088 1140 2155 credere:

114 2175 211 2241 multi
228 2177 438 2261 mentiuntur,
452 2181 491 2242 ut
504 2176 675 2261 decipiant,
692 2177 797 2260 multi,
816 2177 893 2261 quia
912 2177 1037 2263 decepti
1051 2181 1140 2260 sunt3

116 2265 198 2331 nlius
222 2265 445 2331 criminatione
468 2265 606 2352 gretiam
630 2269 739 2350 captat
758 2270 790 2331 et
808 2266 904 2352 fingit
921 2266 1086 2350 iniuriam,
1104 2270 1141 2330 ut

114 2354 263 2421 rideatur
292 2354 434 2420 doluisse
463 2355 597 2439 factam3
627 2359 677 2422 est
703 2355 820 2440 aliquis
843 2355 1004 2442 malignus
1028 2355 1141 2440 etqui

116 2444 274 2512 amicitias
305 2445 505 2512 cohaerentis
536 2445 685 2511 diducere
712 2445 805 2530 velit3
828 2448 877 2511 est
894 2444 918 2530 †
935 2444 1087 2531 suspicax
1108 2449 1141 2510 et
1159 2463 1187 2504 as

117 2535 174 2621 qui
206 2539 350 2621 spectare
384 2535 479 2602 ludos
514 2534 625 2621 cupiat
657 2539 691 2601 et
722 2558 762 2602 ex
792 2535 972 2622 longinquo
1004 2539 1141 2620 tutoque

81 2639 97 2688 3
116 2626 302 2710 speculetur
324 2646 406 2709 quos
430 2625 568 2692 conlisit.
605 2627 645 2692 de
664 2625 798 2710 parvola
815 2646 943 2691 summa
960 2625 1140 2691 iudicaturo

115 2713 178 2779 tibi
207 2736 257 2780 res
288 2714 357 2780 sine
387 2717 470 2780 teste
497 2736 564 2780 uon
590 2715 796 2800 probaretur,
818 2715 910 2781 testis
934 2715 1003 2780 sine
1025 2712 1142 2778 iureiu-

115 2802 217 2870 rando
240 2826 308 2871 non
329 2804 465 2887 valeret,
486 2804 616 2889 utrique
639 2804 725 2890 parti
743 2803 834 2870 dares
854 2804 1027 2887 actionem,
1049 2801 1141 2870 dares

116 2898 260 2979 tempus,
281 2917 347 2960 nou
371 2894 470 2961 semel
493 2892 633 2979 audires,
660 2894 764 2980 magis
787 2893 874 2959 enim
897 2895 1014 2960 veritas
1037 2893 1143 2960 elucet
1160 2913 1187 2954 ao

206 3084 225 3141 2
244 3084 335 3154 aspici
348 3086 390 3140 Αι
408 3088 437 3156 <a
455 3103 490 3143 cc
508 3089 541 3141 ct
559 3088 640 3156 corr.)
661 3085 671 3159 Η
693 3085 730 3142 15
747 3085 789 3142 ire
802 3087 845 3142 A⁶
863 3087 894 3140 irs
911 3087 1016 3141 maiore
1032 3103 1088 3142 ras.
1108 3104 1142 3141 cc

116 3157 159 3243 3¹¹
176 3160 316 3241 scriptore
334 3162 444 3213 tantam
460 3160 561 3214 ultima
579 3158 673 3242 littera
691 3174 706 3214 e
725 3164 842 3229 apparet
857 3156 868 3230 ll
886 3155 920 3212 17
935 3172 1038 3229 graues
1053 3155 1142 3212 habet

115 3231 467 3370 &mitelli
480 3231 562 3374 tit
575 3227 929 3373 tripudiet
943 3232 987 3355 ¹1⁸2
1001 3231 1142 3355 itm

118 3372 164 3443 (iis
184 3368 356 3444 Wcscntcrp)
380 3369 426 3425 his
444 3373 473 3428 A
496 3372 507 3447 tt
532 3370 570 3427 25
592 3373 725 3443 suspicax
750 3374 779 3441 (x
800 3386 835 3427 cc
853 3387 866 3426 s
884 3373 965 3443 corr.)
986 3370 1050 3427 AL
1075 3369 1141 3425 sub·

101 3445 358 3568 ffissggffw
375 3442 514 3500 subdicax
531 3443 711 3501 Badrtrtbner
734 3443 745 3516 ΙΙ
768 3441 805 3499 80
828 3443 919 3499 elucet
938 3458 1007 3500 corr.
1026 3442 1088 3498 rad.
1108 3459 1143 3500 ec
