<?xml version="1.0" encoding="UTF-8"?>
<!DOCTYPE html PUBLIC "-//W3C//DTD XHTML 1.0 Transitional//EN"
    "http://www.w3.org/TR/xhtml1/DTD/xhtml1-transitional.dtd">
<html xmlns="http://www.w3.org/1999/xhtml" xml:lang="en" lang="en">
 <head>
  <title>
</title>
<meta http-equiv="Content-Type" content="text/html;charset=utf-8" />
  <meta name='ocr-system' content='tesseract 3.04.00' />
  <meta name='ocr-capabilities' content='ocr_page ocr_carea ocr_par ocr_line ocrx_word'/>
</head>
<body>
  <div class='ocr_page' id='page_1' title='image "./lannaeisenecaeo02senegoog_0053.png"; bbox 0 0 2438 3846; ppageno 0'>
   <div class='ocr_carea' id='block_1_1' title="bbox 234 200 1084 271">
    <p class='ocr_par' dir='ltr' id='par_1_1' title="bbox 234 200 1084 271">
     <span class='ocr_line' id='line_1_1' title="bbox 234 200 1084 271; baseline 0.001 -14"><span class='ocrx_word' id='word_1_1' title='bbox 234 202 284 257; x_wconf 79' lang='lat' dir='ltr'>DE</span> <span class='ocrx_word' id='word_1_2' title='bbox 303 200 537 258; x_wconf 75' lang='lat' dir='ltr'>CONSTANTIA</span> <span class='ocrx_word' id='word_1_3' title='bbox 556 201 744 257; x_wconf 82' lang='lat' dir='ltr'>SAPIENTIS</span> <span class='ocrx_word' id='word_1_4' title='bbox 763 201 843 260; x_wconf 79' lang='lat' dir='ltr'><strong><em>OAP.</em></strong></span> <span class='ocrx_word' id='word_1_5' title='bbox 856 207 915 258; x_wconf 64' lang='lat' dir='ltr'>tt</span> <span class='ocrx_word' id='word_1_6' title='bbox 1041 205 1084 271; x_wconf 77' lang='grc'>27</span> 
     </span>
    </p>
   </div>
   <div class='ocr_carea' id='block_1_2' title="bbox 10 346 1151 2943">
    <p class='ocr_par' dir='ltr' id='par_1_2' title="bbox 56 346 1086 703">
     <span class='ocr_line' id='line_1_2' title="bbox 56 346 1086 434; baseline -0.003 -18"><span class='ocrx_word' id='word_1_7' title='bbox 56 349 140 416; x_wconf 84' lang='lat' dir='ltr'>nihil</span> <span class='ocrx_word' id='word_1_8' title='bbox 168 348 281 433; x_wconf 91' lang='lat' dir='ltr'>perdet</span> <span class='ocrx_word' id='word_1_9' title='bbox 311 347 400 433; x_wconf 92' lang='lat' dir='ltr'>quod</span> <span class='ocrx_word' id='word_1_10' title='bbox 428 347 532 434; x_wconf 90' lang='lat' dir='ltr'>perire</span> <span class='ocrx_word' id='word_1_11' title='bbox 563 370 714 414; x_wconf 86' lang='lat' dir='ltr'>sensurus</span> <span class='ocrx_word' id='word_1_12' title='bbox 738 348 794 433; x_wconf 82' lang='lat' dir='ltr'>sit3</span> <span class='ocrx_word' id='word_1_13' title='bbox 822 346 918 413; x_wconf 91' lang='lat' dir='ltr'>unius</span> <span class='ocrx_word' id='word_1_14' title='bbox 942 347 1028 413; x_wconf 92' lang='lat' dir='ltr'>euim</span> <span class='ocrx_word' id='word_1_15' title='bbox 1051 349 1086 413; x_wconf 91' lang='lat' dir='ltr'>in</span> 
     </span>
     <span class='ocr_line' id='line_1_3' title="bbox 56 437 1086 526; baseline -0.002 -21"><span class='ocrx_word' id='word_1_16' title='bbox 56 439 261 526; x_wconf 76' lang='lat' dir='ltr'>possessione</span> <span class='ocrx_word' id='word_1_17' title='bbox 274 437 404 503; x_wconf 82' lang='lat' dir='ltr'>virtutis</span> <span class='ocrx_word' id='word_1_18' title='bbox 425 442 489 523; x_wconf 81' lang='lat' dir='ltr'>est,</span> <span class='ocrx_word' id='word_1_19' title='bbox 511 460 551 504; x_wconf 89' lang='lat' dir='ltr'>ex</span> <span class='ocrx_word' id='word_1_20' title='bbox 569 460 633 522; x_wconf 90' lang='lat' dir='ltr'>qua</span> <span class='ocrx_word' id='word_1_21' title='bbox 652 438 769 522; x_wconf 81' lang='lat' dir='ltr'>depelli</span> <span class='ocrx_word' id='word_1_22' title='bbox 782 460 950 523; x_wconf 88' lang='lat' dir='ltr'>nunquam</span> <span class='ocrx_word' id='word_1_23' title='bbox 969 441 1086 523; x_wconf 87' lang='lat' dir='ltr'>potest,</span> 
     </span>
     <span class='ocr_line' id='line_1_4' title="bbox 56 527 1086 613; baseline -0.002 -18"><span class='ocrx_word' id='word_1_24' title='bbox 56 528 170 595; x_wconf 90' lang='lat' dir='ltr'>ceteris</span> <span class='ocrx_word' id='word_1_25' title='bbox 200 527 346 613; x_wconf 90' lang='lat' dir='ltr'>precario</span> <span class='ocrx_word' id='word_1_26' title='bbox 378 527 495 592; x_wconf 86' lang='lat' dir='ltr'>utitur:</span> <span class='ocrx_word' id='word_1_27' title='bbox 528 528 600 613; x_wconf 89' lang='lat' dir='ltr'>quis</span> <span class='ocrx_word' id='word_1_28' title='bbox 632 530 741 593; x_wconf 90' lang='lat' dir='ltr'>autem</span> <span class='ocrx_word' id='word_1_29' title='bbox 776 527 901 593; x_wconf 87' lang='lat' dir='ltr'>iactura</span> <span class='ocrx_word' id='word_1_30' title='bbox 937 531 1086 594; x_wconf 88' lang='lat' dir='ltr'>movetur</span> 
     </span>
     <span class='ocr_line' id='line_1_5' title="bbox 56 615 1085 703; baseline -0.001 -19"><span class='ocrx_word' id='word_1_31' title='bbox 56 618 176 684; x_wconf 81' lang='lat' dir='ltr'>alieni?</span> <span class='ocrx_word' id='word_1_32' title='bbox 208 615 326 702; x_wconf 87' lang='lat' dir='ltr'>quodsi</span> <span class='ocrx_word' id='word_1_33' title='bbox 348 616 466 681; x_wconf 88' lang='lat' dir='ltr'>iniuria</span> <span class='ocrx_word' id='word_1_34' title='bbox 488 616 572 682; x_wconf 89' lang='lat' dir='ltr'>nihil</span> <span class='ocrx_word' id='word_1_35' title='bbox 593 617 718 682; x_wconf 90' lang='lat' dir='ltr'>laedere</span> <span class='ocrx_word' id='word_1_36' title='bbox 741 621 849 701; x_wconf 88' lang='lat' dir='ltr'>potest</span> <span class='ocrx_word' id='word_1_37' title='bbox 872 640 912 683; x_wconf 89' lang='lat' dir='ltr'>ex</span> <span class='ocrx_word' id='word_1_38' title='bbox 931 617 1085 703; x_wconf 89' lang='lat' dir='ltr'>hisquae</span> 
     </span>
    </p>

    <p class='ocr_par' dir='ltr' id='par_1_3' title="bbox 22 706 1086 881">
     <span class='ocr_line' id='line_1_6' title="bbox 22 706 1086 794; baseline 0.001 -23"><span class='ocrx_word' id='word_1_39' title='bbox 22 729 36 771; x_wconf 72' lang='grc' dir='ltr'>ε</span> <span class='ocrx_word' id='word_1_40' title='bbox 55 707 188 794; x_wconf 87' lang='lat' dir='ltr'>propria</span> <span class='ocrx_word' id='word_1_41' title='bbox 206 706 360 791; x_wconf 86' lang='lat' dir='ltr'>sapientis</span> <span class='ocrx_word' id='word_1_42' title='bbox 379 709 465 789; x_wconf 89' lang='lat' dir='ltr'>sunt,</span> <span class='ocrx_word' id='word_1_43' title='bbox 487 706 564 791; x_wconf 91' lang='lat' dir='ltr'>quia</span> <span class='ocrx_word' id='word_1_44' title='bbox 576 706 696 772; x_wconf 81' lang='lat' dir='ltr'>virtute</span> <span class='ocrx_word' id='word_1_45' title='bbox 708 707 799 773; x_wconf 78' lang='lat' dir='ltr'>solve</span> <span class='ocrx_word' id='word_1_46' title='bbox 816 728 876 773; x_wconf 88' lang='lat' dir='ltr'>sua</span> <span class='ocrx_word' id='word_1_47' title='bbox 893 708 983 772; x_wconf 87' lang='lat' dir='ltr'>salva</span> <span class='ocrx_word' id='word_1_48' title='bbox 1000 710 1086 792; x_wconf 85' lang='lat' dir='ltr'>sunt,</span> 
     </span>
     <span class='ocr_line' id='line_1_7' title="bbox 54 796 656 881; baseline -0.003 -19"><span class='ocrx_word' id='word_1_49' title='bbox 54 797 175 862; x_wconf 91' lang='lat' dir='ltr'>iniuria</span> <span class='ocrx_word' id='word_1_50' title='bbox 197 796 335 881; x_wconf 88' lang='lat' dir='ltr'>sapienti</span> <span class='ocrx_word' id='word_1_51' title='bbox 357 817 425 860; x_wconf 94' lang='lat' dir='ltr'>non</span> <span class='ocrx_word' id='word_1_52' title='bbox 447 799 555 881; x_wconf 87' lang='lat' dir='ltr'>potest</span> <span class='ocrx_word' id='word_1_53' title='bbox 577 796 656 861; x_wconf 91' lang='lat' dir='ltr'>fieri.</span> 
     </span>
    </p>

    <p class='ocr_par' dir='ltr' id='par_1_4' title="bbox 54 883 1120 1150">
     <span class='ocr_line' id='line_1_8' title="bbox 145 883 1120 972; baseline -0.002 -20"><span class='ocrx_word' id='word_1_54' title='bbox 145 886 311 972; x_wconf 79' lang='lat' dir='ltr'>Megaram</span> <span class='ocrx_word' id='word_1_55' title='bbox 324 884 508 950; x_wconf 88' lang='lat' dir='ltr'>Demetrius</span> <span class='ocrx_word' id='word_1_56' title='bbox 533 888 674 970; x_wconf 80' lang='lat' dir='ltr'>ceperat,</span> <span class='ocrx_word' id='word_1_57' title='bbox 696 883 749 950; x_wconf 87' lang='lat' dir='ltr'>oui</span> <span class='ocrx_word' id='word_1_58' title='bbox 767 907 948 972; x_wconf 81' lang='lat' dir='ltr'>cognomen</span> <span class='ocrx_word' id='word_1_59' title='bbox 961 884 1086 951; x_wconf 92' lang='lat' dir='ltr'>Polior·</span> <span class='ocrx_word' id='word_1_60' title='bbox 1105 902 1120 950; x_wconf 82' lang='grc'>6</span> 
     </span>
     <span class='ocr_line' id='line_1_9' title="bbox 55 973 1085 1062; baseline -0.001 -20"><span class='ocrx_word' id='word_1_61' title='bbox 55 979 141 1042; x_wconf 87' lang='lat' dir='ltr'>cetos</span> <span class='ocrx_word' id='word_1_62' title='bbox 171 976 242 1040; x_wconf 85' lang='lat' dir='ltr'>fuit.</span> <span class='ocrx_word' id='word_1_63' title='bbox 288 976 328 1041; x_wconf 91' lang='lat' dir='ltr'>ab</span> <span class='ocrx_word' id='word_1_64' title='bbox 361 975 425 1041; x_wconf 93' lang='lat' dir='ltr'>hoc</span> <span class='ocrx_word' id='word_1_65' title='bbox 450 973 579 1040; x_wconf 77' lang='lat' dir='ltr'>Stilbon</span> <span class='ocrx_word' id='word_1_66' title='bbox 607 974 822 1060; x_wconf 88' lang='lat' dir='ltr'>philosophus</span> <span class='ocrx_word' id='word_1_67' title='bbox 859 975 1085 1062; x_wconf 85' lang='lat' dir='ltr'>interrogatus,</span> 
     </span>
     <span class='ocr_line' id='line_1_10' title="bbox 54 1063 1086 1150; baseline 0.001 -20"><span class='ocrx_word' id='word_1_68' title='bbox 54 1087 136 1131; x_wconf 87' lang='lat' dir='ltr'>num</span> <span class='ocrx_word' id='word_1_69' title='bbox 153 1065 277 1150; x_wconf 88' lang='lat' dir='ltr'>aliquid</span> <span class='ocrx_word' id='word_1_70' title='bbox 294 1065 499 1150; x_wconf 89' lang='lat' dir='ltr'>perdidisset:</span> <span class='ocrx_word' id='word_1_71' title='bbox 528 1063 642 1148; x_wconf 70' lang='lat' dir='ltr'>‘nihil&#39;</span> <span class='ocrx_word' id='word_1_72' title='bbox 660 1063 767 1149; x_wconf 91' lang='lat' dir='ltr'>inquit</span> <span class='ocrx_word' id='word_1_73' title='bbox 792 1063 913 1129; x_wconf 77' lang='lat' dir='ltr'>‘omnia</span> <span class='ocrx_word' id='word_1_74' title='bbox 932 1087 1003 1130; x_wconf 90' lang='lat' dir='ltr'>mea</span> <span class='ocrx_word' id='word_1_75' title='bbox 1020 1087 1086 1131; x_wconf 92' lang='lat' dir='ltr'>me·</span> 
     </span>
    </p>

    <p class='ocr_par' dir='ltr' id='par_1_5' title="bbox 10 1153 1121 1597">
     <span class='ocr_line' id='line_1_11' title="bbox 10 1153 1085 1239; baseline 0.002 -21"><span class='ocrx_word' id='word_1_76' title='bbox 10 1177 37 1218; x_wconf 82' lang='lat' dir='ltr'>ro</span> <span class='ocrx_word' id='word_1_77' title='bbox 56 1177 132 1220; x_wconf 89' lang='lat' dir='ltr'>oum</span> <span class='ocrx_word' id='word_1_78' title='bbox 163 1153 261 1220; x_wconf 87' lang='lat' dir='ltr'>sunt&#39;</span> <span class='ocrx_word' id='word_1_79' title='bbox 314 1154 406 1239; x_wconf 90' lang='lat' dir='ltr'>atqui</span> <span class='ocrx_word' id='word_1_80' title='bbox 438 1159 471 1220; x_wconf 91' lang='lat' dir='ltr'>et</span> <span class='ocrx_word' id='word_1_81' title='bbox 502 1154 734 1238; x_wconf 78' lang='lat' dir='ltr'>patrimonium</span> <span class='ocrx_word' id='word_1_82' title='bbox 766 1154 834 1218; x_wconf 88' lang='lat' dir='ltr'>eius</span> <span class='ocrx_word' id='word_1_83' title='bbox 867 1155 902 1218; x_wconf 91' lang='lat' dir='ltr'>in</span> <span class='ocrx_word' id='word_1_84' title='bbox 932 1154 1085 1239; x_wconf 88' lang='lat' dir='ltr'>praedam</span> 
     </span>
     <span class='ocr_line' id='line_1_12' title="bbox 56 1242 1085 1329; baseline 0 -20"><span class='ocrx_word' id='word_1_85' title='bbox 56 1248 195 1310; x_wconf 85' lang='lat' dir='ltr'>cesserat</span> <span class='ocrx_word' id='word_1_86' title='bbox 224 1247 256 1310; x_wconf 91' lang='lat' dir='ltr'>et</span> <span class='ocrx_word' id='word_1_87' title='bbox 285 1243 369 1309; x_wconf 89' lang='lat' dir='ltr'>filias</span> <span class='ocrx_word' id='word_1_88' title='bbox 399 1247 550 1329; x_wconf 74' lang='lat' dir='ltr'>rapuerat</span> <span class='ocrx_word' id='word_1_89' title='bbox 576 1243 680 1308; x_wconf 86' lang='lat' dir='ltr'>hostis</span> <span class='ocrx_word' id='word_1_90' title='bbox 708 1247 740 1308; x_wconf 87' lang='lat' dir='ltr'>et</span> <span class='ocrx_word' id='word_1_91' title='bbox 762 1242 867 1328; x_wconf 87' lang='lat' dir='ltr'>patria</span> <span class='ocrx_word' id='word_1_92' title='bbox 889 1243 925 1308; x_wconf 91' lang='lat' dir='ltr'>in</span> <span class='ocrx_word' id='word_1_93' title='bbox 946 1244 1085 1309; x_wconf 78' lang='lat' dir='ltr'>ahenam</span> 
     </span>
     <span class='ocr_line' id='line_1_13' title="bbox 56 1332 1085 1419; baseline 0 -20"><span class='ocrx_word' id='word_1_94' title='bbox 56 1333 217 1399; x_wconf 81' lang='lat' dir='ltr'>dicionem</span> <span class='ocrx_word' id='word_1_95' title='bbox 240 1337 431 1419; x_wconf 85' lang='lat' dir='ltr'>pervenerat</span> <span class='ocrx_word' id='word_1_96' title='bbox 453 1337 485 1399; x_wconf 90' lang='lat' dir='ltr'>et</span> <span class='ocrx_word' id='word_1_97' title='bbox 508 1333 616 1418; x_wconf 90' lang='lat' dir='ltr'>ipsum</span> <span class='ocrx_word' id='word_1_98' title='bbox 639 1355 697 1398; x_wconf 89' lang='lat' dir='ltr'>rex</span> <span class='ocrx_word' id='word_1_99' title='bbox 718 1332 934 1398; x_wconf 88' lang='lat' dir='ltr'>circumfusus</span> <span class='ocrx_word' id='word_1_100' title='bbox 951 1333 1085 1399; x_wconf 78' lang='lat' dir='ltr'>victoris</span> 
     </span>
     <span class='ocr_line' id='line_1_14' title="bbox 55 1421 1121 1509; baseline -0.001 -20"><span class='ocrx_word' id='word_1_101' title='bbox 55 1424 215 1490; x_wconf 87' lang='lat' dir='ltr'>exercitus</span> <span class='ocrx_word' id='word_1_102' title='bbox 246 1423 344 1488; x_wconf 89' lang='lat' dir='ltr'>armis</span> <span class='ocrx_word' id='word_1_103' title='bbox 377 1446 418 1489; x_wconf 84' lang='lat' dir='ltr'>ex</span> <span class='ocrx_word' id='word_1_104' title='bbox 449 1423 614 1508; x_wconf 82' lang='lat' dir='ltr'>superiore</span> <span class='ocrx_word' id='word_1_105' title='bbox 645 1423 718 1488; x_wconf 89' lang='lat' dir='ltr'>loco</span> <span class='ocrx_word' id='word_1_106' title='bbox 750 1421 921 1509; x_wconf 87' lang='lat' dir='ltr'>rogitabat.</span> <span class='ocrx_word' id='word_1_107' title='bbox 967 1426 1002 1488; x_wconf 91' lang='lat' dir='ltr'>at</span> <span class='ocrx_word' id='word_1_108' title='bbox 1030 1423 1121 1489; x_wconf 76' lang='lat' dir='ltr'>illet</span> 
     </span>
     <span class='ocr_line' id='line_1_15' title="bbox 54 1512 1086 1597; baseline 0 -19"><span class='ocrx_word' id='word_1_109' title='bbox 54 1513 226 1578; x_wconf 84' lang='lat' dir='ltr'>victoriam</span> <span class='ocrx_word' id='word_1_110' title='bbox 255 1512 306 1578; x_wconf 92' lang='lat' dir='ltr'>illi</span> <span class='ocrx_word' id='word_1_111' title='bbox 335 1513 477 1579; x_wconf 75' lang='lat' dir='ltr'>excussit</span> <span class='ocrx_word' id='word_1_112' title='bbox 506 1516 595 1578; x_wconf 92' lang='lat' dir='ltr'>etse</span> <span class='ocrx_word' id='word_1_113' title='bbox 618 1513 697 1578; x_wconf 90' lang='lat' dir='ltr'>urbe</span> <span class='ocrx_word' id='word_1_114' title='bbox 720 1514 815 1597; x_wconf 88' lang='lat' dir='ltr'>capta</span> <span class='ocrx_word' id='word_1_115' title='bbox 837 1534 905 1577; x_wconf 92' lang='lat' dir='ltr'>non</span> <span class='ocrx_word' id='word_1_116' title='bbox 927 1512 1086 1578; x_wconf 79' lang='lat' dir='ltr'>invictum</span> 
     </span>
    </p>

    <p class='ocr_par' dir='ltr' id='par_1_6' title="bbox 10 1601 1087 2047">
     <span class='ocr_line' id='line_1_16' title="bbox 10 1601 1086 1668; baseline 0.003 -4"><span class='ocrx_word' id='word_1_117' title='bbox 10 1622 36 1665; x_wconf 80' lang='lat'>1⁵</span> <span class='ocrx_word' id='word_1_118' title='bbox 54 1606 183 1668; x_wconf 91' lang='lat' dir='ltr'>tantum</span> <span class='ocrx_word' id='word_1_119' title='bbox 207 1603 263 1668; x_wconf 90' lang='lat' dir='ltr'>sed</span> <span class='ocrx_word' id='word_1_120' title='bbox 285 1603 469 1668; x_wconf 90' lang='lat' dir='ltr'>indemnem</span> <span class='ocrx_word' id='word_1_121' title='bbox 492 1623 562 1667; x_wconf 87' lang='lat' dir='ltr'>esse</span> <span class='ocrx_word' id='word_1_122' title='bbox 583 1604 719 1667; x_wconf 87' lang='lat' dir='ltr'>testatus</span> <span class='ocrx_word' id='word_1_123' title='bbox 744 1604 800 1667; x_wconf 88' lang='lat' dir='ltr'>est.</span> <span class='ocrx_word' id='word_1_124' title='bbox 836 1601 977 1668; x_wconf 91' lang='lat' dir='ltr'>habebat</span> <span class='ocrx_word' id='word_1_125' title='bbox 999 1602 1086 1667; x_wconf 92' lang='lat' dir='ltr'>euim</span> 
     </span>
     <span class='ocr_line' id='line_1_17' title="bbox 55 1691 1086 1778; baseline 0.002 -22"><span class='ocrx_word' id='word_1_126' title='bbox 55 1714 132 1757; x_wconf 84' lang='lat' dir='ltr'>vera</span> <span class='ocrx_word' id='word_1_127' title='bbox 154 1713 264 1758; x_wconf 87' lang='lat' dir='ltr'>secum</span> <span class='ocrx_word' id='word_1_128' title='bbox 286 1691 389 1777; x_wconf 86' lang='lat' dir='ltr'>bona,</span> <span class='ocrx_word' id='word_1_129' title='bbox 415 1692 450 1757; x_wconf 90' lang='lat' dir='ltr'>in</span> <span class='ocrx_word' id='word_1_130' title='bbox 473 1714 555 1777; x_wconf 85' lang='lat' dir='ltr'>quae</span> <span class='ocrx_word' id='word_1_131' title='bbox 577 1713 645 1756; x_wconf 90' lang='lat' dir='ltr'>non</span> <span class='ocrx_word' id='word_1_132' title='bbox 667 1694 717 1756; x_wconf 93' lang='lat' dir='ltr'>est</span> <span class='ocrx_word' id='word_1_133' title='bbox 738 1712 853 1757; x_wconf 89' lang='lat' dir='ltr'>manns</span> <span class='ocrx_word' id='word_1_134' title='bbox 876 1691 1023 1778; x_wconf 87' lang='lat' dir='ltr'>iniectio,</span> <span class='ocrx_word' id='word_1_135' title='bbox 1052 1696 1086 1758; x_wconf 88' lang='lat' dir='ltr'>at</span> 
     </span>
     <span class='ocr_line' id='line_1_18' title="bbox 56 1780 1087 1867; baseline 0.002 -21"><span class='ocrx_word' id='word_1_136' title='bbox 56 1804 139 1867; x_wconf 89' lang='lat' dir='ltr'>quae</span> <span class='ocrx_word' id='word_1_137' title='bbox 163 1781 328 1866; x_wconf 88' lang='lat' dir='ltr'>dissipata·</span> <span class='ocrx_word' id='word_1_138' title='bbox 340 1786 373 1848; x_wconf 93' lang='lat' dir='ltr'>et</span> <span class='ocrx_word' id='word_1_139' title='bbox 396 1782 522 1867; x_wconf 87' lang='lat' dir='ltr'>direpta</span> <span class='ocrx_word' id='word_1_140' title='bbox 538 1780 739 1865; x_wconf 88' lang='lat' dir='ltr'>ferebantur,</span> <span class='ocrx_word' id='word_1_141' title='bbox 760 1803 828 1845; x_wconf 90' lang='lat' dir='ltr'>non</span> <span class='ocrx_word' id='word_1_142' title='bbox 845 1781 1009 1848; x_wconf 91' lang='lat' dir='ltr'>iudicabat</span> <span class='ocrx_word' id='word_1_143' title='bbox 1027 1803 1087 1848; x_wconf 92' lang='lat' dir='ltr'>sua</span> 
     </span>
     <span class='ocr_line' id='line_1_19' title="bbox 56 1870 1086 1956; baseline 0.002 -20"><span class='ocrx_word' id='word_1_144' title='bbox 56 1870 113 1936; x_wconf 87' lang='lat' dir='ltr'>sed</span> <span class='ocrx_word' id='word_1_145' title='bbox 142 1870 322 1937; x_wconf 87' lang='lat' dir='ltr'>adventicia</span> <span class='ocrx_word' id='word_1_146' title='bbox 351 1874 384 1937; x_wconf 93' lang='lat' dir='ltr'>et</span> <span class='ocrx_word' id='word_1_147' title='bbox 412 1874 528 1936; x_wconf 89' lang='lat' dir='ltr'>nutum</span> <span class='ocrx_word' id='word_1_148' title='bbox 556 1871 705 1936; x_wconf 83' lang='lat' dir='ltr'>fortunae</span> <span class='ocrx_word' id='word_1_149' title='bbox 732 1871 907 1956; x_wconf 83' lang='lat' dir='ltr'>sequentia</span> <span class='ocrx_word' id='word_1_150' title='bbox 952 1871 1025 1937; x_wconf 91' lang='lat' dir='ltr'>ideo</span> <span class='ocrx_word' id='word_1_151' title='bbox 1049 1875 1086 1938; x_wconf 87' lang='lat' dir='ltr'>ut</span> 
     </span>
     <span class='ocr_line' id='line_1_20' title="bbox 54 1960 1087 2047; baseline 0.001 -21"><span class='ocrx_word' id='word_1_152' title='bbox 54 1977 123 2026; x_wconf 88' lang='lat' dir='ltr'>non</span> <span class='ocrx_word' id='word_1_153' title='bbox 152 1962 286 2047; x_wconf 87' lang='lat' dir='ltr'>propria</span> <span class='ocrx_word' id='word_1_154' title='bbox 312 1961 481 2046; x_wconf 82' lang='lat' dir='ltr'>dilexerat3</span> <span class='ocrx_word' id='word_1_155' title='bbox 507 1960 654 2026; x_wconf 89' lang='lat' dir='ltr'>omnium</span> <span class='ocrx_word' id='word_1_156' title='bbox 683 1960 770 2026; x_wconf 90' lang='lat' dir='ltr'>enim</span> <span class='ocrx_word' id='word_1_157' title='bbox 802 1960 1000 2027; x_wconf 80' lang='lat' dir='ltr'>extrinsecus</span> <span class='ocrx_word' id='word_1_158' title='bbox 1032 1961 1087 2027; x_wconf 89' lang='lat' dir='ltr'>ad·</span> 
     </span>
    </p>

    <p class='ocr_par' dir='ltr' id='par_1_7' title="bbox 10 2050 836 2136">
     <span class='ocr_line' id='line_1_21' title="bbox 10 2050 836 2136; baseline 0.007 -26"><span class='ocrx_word' id='word_1_159' title='bbox 10 2071 38 2110; x_wconf 84' lang='lat' dir='ltr'>so</span> <span class='ocrx_word' id='word_1_160' title='bbox 55 2050 226 2117; x_wconf 90' lang='lat' dir='ltr'>fluentium</span> <span class='ocrx_word' id='word_1_161' title='bbox 248 2051 373 2118; x_wconf 87' lang='lat' dir='ltr'>lubrica</span> <span class='ocrx_word' id='word_1_162' title='bbox 396 2054 428 2115; x_wconf 91' lang='lat' dir='ltr'>et</span> <span class='ocrx_word' id='word_1_163' title='bbox 449 2051 573 2116; x_wconf 87' lang='lat' dir='ltr'>incerte</span> <span class='ocrx_word' id='word_1_164' title='bbox 594 2051 755 2136; x_wconf 88' lang='lat' dir='ltr'>possessio</span> <span class='ocrx_word' id='word_1_165' title='bbox 779 2054 836 2116; x_wconf 88' lang='lat' dir='ltr'>est.</span> 
     </span>
    </p>

    <p class='ocr_par' dir='ltr' id='par_1_8' title="bbox 55 2137 1151 2496">
     <span class='ocr_line' id='line_1_22' title="bbox 145 2137 1120 2227; baseline -0.001 -21"><span class='ocrx_word' id='word_1_166' title='bbox 145 2138 202 2206; x_wconf 91' lang='lat' dir='ltr'>VI.</span> <span class='ocrx_word' id='word_1_167' title='bbox 227 2137 343 2227; x_wconf 81' lang='lat' dir='ltr'>Cogita</span> <span class='ocrx_word' id='word_1_168' title='bbox 364 2162 465 2224; x_wconf 87' lang='lat' dir='ltr'>nunc,</span> <span class='ocrx_word' id='word_1_169' title='bbox 488 2163 530 2206; x_wconf 90' lang='lat' dir='ltr'>an</span> <span class='ocrx_word' id='word_1_170' title='bbox 551 2139 629 2207; x_wconf 89' lang='lat' dir='ltr'>huic</span> <span class='ocrx_word' id='word_1_171' title='bbox 649 2141 702 2206; x_wconf 88' lang='lat' dir='ltr'>fur</span> <span class='ocrx_word' id='word_1_172' title='bbox 721 2144 777 2206; x_wconf 87' lang='lat' dir='ltr'>aut</span> <span class='ocrx_word' id='word_1_173' title='bbox 796 2139 1010 2206; x_wconf 75' lang='lat' dir='ltr'>calumniator</span> <span class='ocrx_word' id='word_1_174' title='bbox 1029 2144 1085 2207; x_wconf 90' lang='lat' dir='ltr'>aut</span> <span class='ocrx_word' id='word_1_175' title='bbox 1105 2157 1120 2205; x_wconf 90' lang='lat'>1</span> 
     </span>
     <span class='ocr_line' id='line_1_23' title="bbox 55 2228 1151 2316; baseline 0.001 -22"><span class='ocrx_word' id='word_1_176' title='bbox 55 2228 180 2296; x_wconf 80' lang='lat' dir='ltr'>vicinus</span> <span class='ocrx_word' id='word_1_177' title='bbox 204 2229 365 2315; x_wconf 83' lang='lat' dir='ltr'>impotens</span> <span class='ocrx_word' id='word_1_178' title='bbox 389 2233 446 2295; x_wconf 92' lang='lat' dir='ltr'>aut</span> <span class='ocrx_word' id='word_1_179' title='bbox 464 2230 552 2295; x_wconf 81' lang='lat' dir='ltr'>dives</span> <span class='ocrx_word' id='word_1_180' title='bbox 571 2230 689 2315; x_wconf 89' lang='lat' dir='ltr'>aliquis</span> <span class='ocrx_word' id='word_1_181' title='bbox 706 2252 844 2316; x_wconf 89' lang='lat' dir='ltr'>regnum</span> <span class='ocrx_word' id='word_1_182' title='bbox 863 2231 959 2296; x_wconf 89' lang='lat' dir='ltr'>orbae</span> <span class='ocrx_word' id='word_1_183' title='bbox 978 2251 1085 2296; x_wconf 85' lang='lat' dir='ltr'>senec-</span> <span class='ocrx_word' id='word_1_184' title='bbox 1148 2243 1151 2249; x_wconf 83' lang='lat'>&#39;</span> 
     </span>
     <span class='ocr_line' id='line_1_24' title="bbox 55 2319 1085 2405; baseline 0 -21"><span class='ocrx_word' id='word_1_185' title='bbox 55 2319 135 2384; x_wconf 89' lang='lat' dir='ltr'>tutis</span> <span class='ocrx_word' id='word_1_186' title='bbox 168 2340 317 2385; x_wconf 83' lang='lat' dir='ltr'>exercens</span> <span class='ocrx_word' id='word_1_187' title='bbox 350 2320 455 2385; x_wconf 84' lang='lat' dir='ltr'>facere</span> <span class='ocrx_word' id='word_1_188' title='bbox 486 2319 639 2385; x_wconf 89' lang='lat' dir='ltr'>iniuriam</span> <span class='ocrx_word' id='word_1_189' title='bbox 671 2320 788 2405; x_wconf 82' lang='lat' dir='ltr'>possit,</span> <span class='ocrx_word' id='word_1_190' title='bbox 820 2320 873 2385; x_wconf 89' lang='lat' dir='ltr'>oui</span> <span class='ocrx_word' id='word_1_191' title='bbox 899 2321 1022 2386; x_wconf 90' lang='lat' dir='ltr'>bellum</span> <span class='ocrx_word' id='word_1_192' title='bbox 1053 2325 1085 2385; x_wconf 92' lang='lat' dir='ltr'>et</span> 
     </span>
     <span class='ocr_line' id='line_1_25' title="bbox 55 2408 1084 2496; baseline 0.002 -22"><span class='ocrx_word' id='word_1_193' title='bbox 55 2408 160 2474; x_wconf 91' lang='lat' dir='ltr'>hostis</span> <span class='ocrx_word' id='word_1_194' title='bbox 192 2413 225 2474; x_wconf 92' lang='lat' dir='ltr'>et</span> <span class='ocrx_word' id='word_1_195' title='bbox 255 2408 311 2475; x_wconf 92' lang='lat' dir='ltr'>ille</span> <span class='ocrx_word' id='word_1_196' title='bbox 342 2409 506 2496; x_wconf 81' lang='lat' dir='ltr'>egregiam</span> <span class='ocrx_word' id='word_1_197' title='bbox 538 2413 640 2474; x_wconf 89' lang='lat' dir='ltr'>artem</span> <span class='ocrx_word' id='word_1_198' title='bbox 673 2408 927 2494; x_wconf 85' lang='lat' dir='ltr'>quassandarum</span> <span class='ocrx_word' id='word_1_199' title='bbox 954 2409 1084 2476; x_wconf 91' lang='lat' dir='ltr'>urbium</span> 
     </span>
    </p>

    <p class='ocr_par' dir='ltr' id='par_1_9' title="bbox 11 2499 1119 2943">
     <span class='ocr_line' id='line_1_26' title="bbox 11 2499 1119 2584; baseline 0.005 -25"><span class='ocrx_word' id='word_1_200' title='bbox 11 2517 37 2559; x_wconf 78' lang='lat' dir='ltr'>se</span> <span class='ocrx_word' id='word_1_201' title='bbox 54 2499 220 2584; x_wconf 87' lang='lat' dir='ltr'>professus</span> <span class='ocrx_word' id='word_1_202' title='bbox 250 2499 372 2584; x_wconf 88' lang='lat' dir='ltr'>eripere</span> <span class='ocrx_word' id='word_1_203' title='bbox 401 2499 485 2564; x_wconf 84' lang='lat' dir='ltr'>nihil</span> <span class='ocrx_word' id='word_1_204' title='bbox 511 2499 627 2584; x_wconf 89' lang='lat' dir='ltr'>potuit.</span> <span class='ocrx_word' id='word_1_205' title='bbox 673 2499 757 2564; x_wconf 90' lang='lat' dir='ltr'>inter</span> <span class='ocrx_word' id='word_1_206' title='bbox 788 2499 936 2564; x_wconf 86' lang='lat' dir='ltr'>micantis</span> <span class='ocrx_word' id='word_1_207' title='bbox 963 2500 1119 2584; x_wconf 80' lang='lat' dir='ltr'>ubique2</span> 
     </span>
     <span class='ocr_line' id='line_1_27' title="bbox 56 2587 1083 2675; baseline 0 -21"><span class='ocrx_word' id='word_1_208' title='bbox 56 2587 181 2675; x_wconf 91' lang='lat' dir='ltr'>gladios</span> <span class='ocrx_word' id='word_1_209' title='bbox 205 2591 238 2654; x_wconf 91' lang='lat' dir='ltr'>et</span> <span class='ocrx_word' id='word_1_210' title='bbox 259 2588 433 2654; x_wconf 89' lang='lat' dir='ltr'>militarem</span> <span class='ocrx_word' id='word_1_211' title='bbox 455 2589 491 2653; x_wconf 92' lang='lat' dir='ltr'>in</span> <span class='ocrx_word' id='word_1_212' title='bbox 507 2589 622 2674; x_wconf 90' lang='lat' dir='ltr'>rapina</span> <span class='ocrx_word' id='word_1_213' title='bbox 634 2588 821 2673; x_wconf 84' lang='lat' dir='ltr'>tumultum,</span> <span class='ocrx_word' id='word_1_214' title='bbox 839 2589 923 2653; x_wconf 90' lang='lat' dir='ltr'>inter</span> <span class='ocrx_word' id='word_1_215' title='bbox 936 2589 1083 2655; x_wconf 91' lang='lat' dir='ltr'>flammas</span> 
     </span>
     <span class='ocr_line' id='line_1_28' title="bbox 55 2677 1085 2765; baseline 0 -22"><span class='ocrx_word' id='word_1_216' title='bbox 55 2681 89 2743; x_wconf 88' lang='lat' dir='ltr'>et</span> <span class='ocrx_word' id='word_1_217' title='bbox 111 2678 302 2764; x_wconf 84' lang='lat' dir='ltr'>sanguinem</span> <span class='ocrx_word' id='word_1_218' title='bbox 326 2682 531 2765; x_wconf 87' lang='lat' dir='ltr'>stragemque</span> <span class='ocrx_word' id='word_1_219' title='bbox 554 2679 712 2763; x_wconf 88' lang='lat' dir='ltr'>impulsae</span> <span class='ocrx_word' id='word_1_220' title='bbox 736 2677 892 2762; x_wconf 82' lang='lat' dir='ltr'>civitatis,</span> <span class='ocrx_word' id='word_1_221' title='bbox 914 2678 1000 2743; x_wconf 88' lang='lat' dir='ltr'>inter</span> <span class='ocrx_word' id='word_1_222' title='bbox 1021 2678 1085 2743; x_wconf 86' lang='lat' dir='ltr'>fra·</span> 
     </span>
     <span class='ocr_line' id='line_1_29' title="bbox 55 2766 1085 2854; baseline 0.001 -22"><span class='ocrx_word' id='word_1_223' title='bbox 55 2787 167 2854; x_wconf 86' lang='lat' dir='ltr'>gorem</span> <span class='ocrx_word' id='word_1_224' title='bbox 186 2769 384 2853; x_wconf 88' lang='lat' dir='ltr'>templorum</span> <span class='ocrx_word' id='word_1_225' title='bbox 398 2789 495 2853; x_wconf 88' lang='lat' dir='ltr'>super</span> <span class='ocrx_word' id='word_1_226' title='bbox 509 2767 585 2834; x_wconf 89' lang='lat' dir='ltr'>deos</span> <span class='ocrx_word' id='word_1_227' title='bbox 599 2788 675 2833; x_wconf 85' lang='lat' dir='ltr'>snos</span> <span class='ocrx_word' id='word_1_228' title='bbox 690 2767 874 2833; x_wconf 79' lang='lat' dir='ltr'>cadentium</span> <span class='ocrx_word' id='word_1_229' title='bbox 887 2766 945 2831; x_wconf 92' lang='lat' dir='ltr'>uni</span> <span class='ocrx_word' id='word_1_230' title='bbox 958 2766 1085 2833; x_wconf 91' lang='lat' dir='ltr'>homini</span> 
     </span>
     <span class='ocr_line' id='line_1_30' title="bbox 55 2855 1084 2943; baseline 0.001 -22"><span class='ocrx_word' id='word_1_231' title='bbox 55 2877 122 2941; x_wconf 86' lang='lat' dir='ltr'>pax</span> <span class='ocrx_word' id='word_1_232' title='bbox 152 2856 224 2922; x_wconf 86' lang='lat' dir='ltr'>fuit.</span> <span class='ocrx_word' id='word_1_233' title='bbox 268 2879 336 2922; x_wconf 91' lang='lat' dir='ltr'>non</span> <span class='ocrx_word' id='word_1_234' title='bbox 367 2860 417 2923; x_wconf 89' lang='lat' dir='ltr'>est</span> <span class='ocrx_word' id='word_1_235' title='bbox 446 2859 571 2943; x_wconf 88' lang='lat' dir='ltr'>itaque,</span> <span class='ocrx_word' id='word_1_236' title='bbox 602 2857 690 2942; x_wconf 90' lang='lat' dir='ltr'>quod</span> <span class='ocrx_word' id='word_1_237' title='bbox 722 2857 828 2922; x_wconf 82' lang='lat' dir='ltr'>audax</span> <span class='ocrx_word' id='word_1_238' title='bbox 859 2855 980 2922; x_wconf 90' lang='lat' dir='ltr'>iudices</span> <span class='ocrx_word' id='word_1_239' title='bbox 1010 2879 1084 2942; x_wconf 90' lang='lat' dir='ltr'>pro·</span> 
     </span>
    </p>
   </div>
   <div class='ocr_carea' id='block_1_3' title="bbox 54 3011 1105 3669">
    <p class='ocr_par' dir='ltr' id='par_1_10' title="bbox 54 3011 1105 3669">
     <span class='ocr_line' id='line_1_31' title="bbox 146 3011 1080 3087; baseline 0.002 -20"><span class='ocrx_word' id='word_1_240' title='bbox 146 3011 320 3070; x_wconf 79' lang='lat' dir='ltr'>lldereA</span> <span class='ocrx_word' id='word_1_241' title='bbox 339 3014 395 3084; x_wconf 84' lang='lat' dir='ltr'>(la.</span> <span class='ocrx_word' id='word_1_242' title='bbox 410 3032 434 3071; x_wconf 85' lang='lat' dir='ltr'>o.</span> <span class='ocrx_word' id='word_1_243' title='bbox 449 3015 515 3070; x_wconf 76' lang='lat' dir='ltr'>odd.</span> <span class='ocrx_word' id='word_1_244' title='bbox 532 3033 567 3070; x_wconf 84' lang='lat' dir='ltr'>m.</span> <span class='ocrx_word' id='word_1_245' title='bbox 583 3017 613 3084; x_wconf 80' lang='lat'>2)</span> <span class='ocrx_word' id='word_1_246' title='bbox 637 3014 648 3087; x_wconf 93' lang='grc'>11</span> <span class='ocrx_word' id='word_1_247' title='bbox 672 3015 690 3070; x_wconf 81' lang='lat' dir='ltr'>t</span> <span class='ocrx_word' id='word_1_248' title='bbox 710 3015 827 3085; x_wconf 86' lang='lat' dir='ltr'>propria</span> <span class='ocrx_word' id='word_1_249' title='bbox 849 3031 870 3070; x_wconf 86' lang='lat' dir='ltr'>e.</span> <span class='ocrx_word' id='word_1_250' title='bbox 885 3032 910 3069; x_wconf 86' lang='lat' dir='ltr'>o.</span> <span class='ocrx_word' id='word_1_251' title='bbox 929 3014 995 3069; x_wconf 76' lang='lat' dir='ltr'>odd.</span> <span class='ocrx_word' id='word_1_252' title='bbox 1015 3013 1057 3069; x_wconf 91' lang='lat' dir='ltr'>A¹</span> <span class='ocrx_word' id='word_1_253' title='bbox 1076 3014 1080 3085; x_wconf 94' lang='grc'>1</span> 
     </span>
     <span class='ocr_line' id='line_1_32' title="bbox 56 3028 1085 3157; baseline 0 -18"><span class='ocrx_word' id='word_1_254' title='bbox 56 3083 137 3139; x_wconf 83' lang='lat' dir='ltr'>salva</span> <span class='ocrx_word' id='word_1_255' title='bbox 154 3028 213 3140; x_wconf 73' lang='lat' dir='ltr'>ni.</span> <span class='ocrx_word' id='word_1_256' title='bbox 231 3085 296 3141; x_wconf 77' lang='lat' dir='ltr'>odd.</span> <span class='ocrx_word' id='word_1_257' title='bbox 315 3086 443 3157; x_wconf 70' lang='lat' dir='ltr'>Madvig,</span> <span class='ocrx_word' id='word_1_258' title='bbox 461 3092 528 3155; x_wconf 76' lang='lat' dir='ltr'>post</span> <span class='ocrx_word' id='word_1_259' title='bbox 550 3100 601 3139; x_wconf 87' lang='lat' dir='ltr'>sua</span> <span class='ocrx_word' id='word_1_260' title='bbox 620 3087 738 3156; x_wconf 67' lang='lat' dir='ltr'>Inpaine</span> <span class='ocrx_word' id='word_1_261' title='bbox 762 3085 772 3157; x_wconf 95' lang='grc'>11</span> <span class='ocrx_word' id='word_1_262' title='bbox 798 3086 812 3139; x_wconf 83' lang='grc'><strong>7</strong></span> <span class='ocrx_word' id='word_1_263' title='bbox 835 3086 901 3140; x_wconf 81' lang='lat' dir='ltr'>inde</span> <span class='ocrx_word' id='word_1_264' title='bbox 924 3103 943 3140; x_wconf 84' lang='lat' dir='ltr'>a</span> <span class='ocrx_word' id='word_1_265' title='bbox 966 3085 1085 3154; x_wconf 82' lang='lat' dir='ltr'>Megara</span> 
     </span>
     <span class='ocr_line' id='line_1_33' title="bbox 57 3156 1085 3226; baseline 0 -14"><span class='ocrx_word' id='word_1_266' title='bbox 57 3156 142 3212; x_wconf 71' lang='lat' dir='ltr'>Gertz</span> <span class='ocrx_word' id='word_1_267' title='bbox 159 3173 220 3226; x_wconf 80' lang='lat' dir='ltr'>cap.</span> <span class='ocrx_word' id='word_1_268' title='bbox 237 3157 281 3212; x_wconf 88' lang='lat' dir='ltr'>VI</span> <span class='ocrx_word' id='word_1_269' title='bbox 298 3159 422 3213; x_wconf 78' lang='lat' dir='ltr'>institnit</span> <span class='ocrx_word' id='word_1_270' title='bbox 444 3163 471 3212; x_wconf 86' lang='lat' dir='ltr'>et</span> <span class='ocrx_word' id='word_1_271' title='bbox 491 3173 576 3226; x_wconf 74' lang='lat' dir='ltr'>nsqtre</span> <span class='ocrx_word' id='word_1_272' title='bbox 596 3159 635 3211; x_wconf 83' lang='lat' dir='ltr'>ud</span> <span class='ocrx_word' id='word_1_273' title='bbox 648 3174 670 3213; x_wconf 84' lang='lat' dir='ltr'>c.</span> <span class='ocrx_word' id='word_1_274' title='bbox 694 3158 783 3212; x_wconf 82' lang='lat' dir='ltr'><strong><em>V112</em></strong></span> <span class='ocrx_word' id='word_1_275' title='bbox 803 3158 983 3212; x_wconf 73' lang='lat' dir='ltr'>continuavit.</span> <span class='ocrx_word' id='word_1_276' title='bbox 1011 3158 1085 3212; x_wconf 79' lang='lat' dir='ltr'>hanc</span> 
     </span>
     <span class='ocr_line' id='line_1_34' title="bbox 55 3227 1081 3300; baseline 0 -18"><span class='ocrx_word' id='word_1_277' title='bbox 55 3232 143 3283; x_wconf 81' lang='lat' dir='ltr'>totam</span> <span class='ocrx_word' id='word_1_278' title='bbox 169 3228 365 3298; x_wconf 80' lang='lat' dir='ltr'>dipressionem</span> <span class='ocrx_word' id='word_1_279' title='bbox 387 3230 460 3283; x_wconf 72' lang='lat' dir='ltr'>taeter</span> <span class='ocrx_word' id='word_1_280' title='bbox 487 3245 546 3296; x_wconf 81' lang='lat' dir='ltr'>cap.</span> <span class='ocrx_word' id='word_1_281' title='bbox 568 3228 619 3283; x_wconf 84' lang='lat' dir='ltr'>IX</span> <span class='ocrx_word' id='word_1_282' title='bbox 640 3235 665 3283; x_wconf 85' lang='lat' dir='ltr'>et</span> <span class='ocrx_word' id='word_1_283' title='bbox 689 3229 721 3282; x_wconf 91' lang='lat' dir='ltr'><em>X</em></span> <span class='ocrx_word' id='word_1_284' title='bbox 747 3229 905 3297; x_wconf 74' lang='lat' dir='ltr'>transponit</span> <span class='ocrx_word' id='word_1_285' title='bbox 928 3228 1053 3282; x_wconf 82' lang='lat' dir='ltr'>Karsten</span> <span class='ocrx_word' id='word_1_286' title='bbox 1077 3227 1081 3300; x_wconf 93' lang='grc'>1</span> 
     </span>
     <span class='ocr_line' id='line_1_35' title="bbox 55 3297 1083 3372; baseline 0.001 -20"><span class='ocrx_word' id='word_1_287' title='bbox 55 3297 118 3369; x_wconf 90' lang='lat' dir='ltr'>poli</span> <span class='ocrx_word' id='word_1_288' title='bbox 135 3298 263 3354; x_wconf 84' lang='lat' dir='ltr'>hercetes</span> <span class='ocrx_word' id='word_1_289' title='bbox 276 3299 305 3354; x_wconf 96' lang='lat' dir='ltr'><strong><em>A</em></strong></span> <span class='ocrx_word' id='word_1_290' title='bbox 326 3316 395 3354; x_wconf 82' lang='lat' dir='ltr'>corr.</span> <span class='ocrx_word' id='word_1_291' title='bbox 414 3299 484 3369; x_wconf 74' lang='lat' dir='ltr'>oolp.</span> <span class='ocrx_word' id='word_1_292' title='bbox 508 3297 518 3371; x_wconf 95' lang='grc'>11</span> <span class='ocrx_word' id='word_1_293' title='bbox 543 3298 561 3353; x_wconf 80' lang='lat'><em>8</em></span> <span class='ocrx_word' id='word_1_294' title='bbox 578 3298 733 3369; x_wconf 89' lang='lat' dir='ltr'>filosophus</span> <span class='ocrx_word' id='word_1_295' title='bbox 747 3300 775 3354; x_wconf 89' lang='lat' dir='ltr'><strong><em>A</em></strong></span> <span class='ocrx_word' id='word_1_296' title='bbox 797 3297 807 3372; x_wconf 96' lang='grc'>11</span> <span class='ocrx_word' id='word_1_297' title='bbox 831 3299 932 3354; x_wconf 74' lang='lat' dir='ltr'>tinea</span> <span class='ocrx_word' id='word_1_298' title='bbox 950 3316 971 3355; x_wconf 82' lang='lat' dir='ltr'>a.</span> <span class='ocrx_word' id='word_1_299' title='bbox 982 3316 1006 3354; x_wconf 89' lang='lat' dir='ltr'>o.</span> <span class='ocrx_word' id='word_1_300' title='bbox 1017 3298 1083 3354; x_wconf 85' lang='lat' dir='ltr'>add.</span> 
     </span>
     <span class='ocr_line' id='line_1_36' title="bbox 55 3368 1084 3446; baseline -0.001 -20"><span class='ocrx_word' id='word_1_301' title='bbox 55 3368 101 3426; x_wconf 88' lang='lat' dir='ltr'>A¹</span> <span class='ocrx_word' id='word_1_302' title='bbox 116 3368 128 3442; x_wconf 95' lang='grc'>11</span> <span class='ocrx_word' id='word_1_303' title='bbox 152 3369 187 3424; x_wconf 79' lang='grc'>12</span> <span class='ocrx_word' id='word_1_304' title='bbox 205 3370 346 3426; x_wconf 87' lang='lat' dir='ltr'>dicionem</span> <span class='ocrx_word' id='word_1_305' title='bbox 364 3370 434 3442; x_wconf 77' lang='lat' dir='ltr'>oolp.</span> <span class='ocrx_word' id='word_1_306' title='bbox 454 3369 611 3427; x_wconf 72' lang='lat' dir='ltr'>edicionem</span> <span class='ocrx_word' id='word_1_307' title='bbox 625 3372 654 3427; x_wconf 96' lang='lat' dir='ltr'><strong><em>A</em></strong></span> <span class='ocrx_word' id='word_1_308' title='bbox 672 3370 676 3445; x_wconf 98' lang='grc'>1</span> <span class='ocrx_word' id='word_1_309' title='bbox 696 3371 810 3426; x_wconf 84' lang='lat' dir='ltr'>uictoris</span> <span class='ocrx_word' id='word_1_310' title='bbox 824 3370 867 3427; x_wconf 77' lang='lat' dir='ltr'>A⁶</span> <span class='ocrx_word' id='word_1_311' title='bbox 887 3371 899 3446; x_wconf 95' lang='grc'>11</span> <span class='ocrx_word' id='word_1_312' title='bbox 923 3369 960 3426; x_wconf 77' lang='lat' dir='ltr'>lt</span> <span class='ocrx_word' id='word_1_313' title='bbox 978 3372 1084 3440; x_wconf 87' lang='lat' dir='ltr'>atquae</span> 
     </span>
     <span class='ocr_line' id='line_1_37' title="bbox 55 3442 1084 3519; baseline -0.001 -19"><span class='ocrx_word' id='word_1_314' title='bbox 55 3457 127 3500; x_wconf 83' lang='lat' dir='ltr'>corr.</span> <span class='ocrx_word' id='word_1_315' title='bbox 142 3459 177 3499; x_wconf 79' lang='lat' dir='ltr'>ac</span> <span class='ocrx_word' id='word_1_316' title='bbox 194 3442 307 3513; x_wconf 86' lang='lat' dir='ltr'>adquae</span> <span class='ocrx_word' id='word_1_317' title='bbox 321 3444 407 3512; x_wconf 59' lang='grc' dir='ltr'>ΛΗ,</span> <span class='ocrx_word' id='word_1_318' title='bbox 421 3450 539 3514; x_wconf 84' lang='lat' dir='ltr'>atquae</span> <span class='ocrx_word' id='word_1_319' title='bbox 553 3443 595 3501; x_wconf 82' lang='lat' dir='ltr'>A⁶</span> <span class='ocrx_word' id='word_1_320' title='bbox 612 3442 623 3519; x_wconf 96' lang='grc'>11</span> <span class='ocrx_word' id='word_1_321' title='bbox 639 3443 677 3499; x_wconf 83' lang='lat' dir='ltr'>lo</span> <span class='ocrx_word' id='word_1_322' title='bbox 695 3442 840 3500; x_wconf 82' lang='lat' dir='ltr'>detexerat</span> <span class='ocrx_word' id='word_1_323' title='bbox 858 3460 927 3501; x_wconf 75' lang='lat' dir='ltr'>corr.</span> <span class='ocrx_word' id='word_1_324' title='bbox 941 3445 974 3500; x_wconf 81' lang='lat' dir='ltr'>in</span> <span class='ocrx_word' id='word_1_325' title='bbox 988 3442 1041 3498; x_wconf 91' lang='lat' dir='ltr'>dil·</span> <span class='ocrx_word' id='word_1_326' title='bbox 1056 3444 1084 3499; x_wconf 91' lang='lat' dir='ltr'><strong><em>A</em></strong></span> 
     </span>
     <span class='ocr_line' id='line_1_38' title="bbox 54 3514 1105 3590; baseline -0.005 -18"><span class='ocrx_word' id='word_1_327' title='bbox 54 3516 115 3585; x_wconf 78' lang='lat' dir='ltr'>fort</span> <span class='ocrx_word' id='word_1_328' title='bbox 136 3532 171 3571; x_wconf 85' lang='lat' dir='ltr'>m.</span> <span class='ocrx_word' id='word_1_329' title='bbox 186 3521 203 3571; x_wconf 87' lang='lat'><strong><em>1</em></strong></span> <span class='ocrx_word' id='word_1_330' title='bbox 221 3515 231 3590; x_wconf 95' lang='grc'>11</span> <span class='ocrx_word' id='word_1_331' title='bbox 251 3514 288 3572; x_wconf 77' lang='lat'>24</span> <span class='ocrx_word' id='word_1_332' title='bbox 304 3515 395 3572; x_wconf 89' lang='lat' dir='ltr'>hostis</span> <span class='ocrx_word' id='word_1_333' title='bbox 413 3515 463 3571; x_wconf 89' lang='lat' dir='ltr'>ille</span> <span class='ocrx_word' id='word_1_334' title='bbox 482 3529 499 3571; x_wconf 84' lang='lat' dir='ltr'>s</span> <span class='ocrx_word' id='word_1_335' title='bbox 519 3517 601 3575; x_wconf 79' lang='lat' dir='ltr'>Gertz</span> <span class='ocrx_word' id='word_1_336' title='bbox 620 3516 731 3574; x_wconf 80' lang='lat' dir='ltr'>dubitat</span> <span class='ocrx_word' id='word_1_337' title='bbox 750 3535 791 3574; x_wconf 86' lang='lat' dir='ltr'>on</span> <span class='ocrx_word' id='word_1_338' title='bbox 809 3523 877 3575; x_wconf 70' lang='lat' dir='ltr'>crete</span> <span class='ocrx_word' id='word_1_339' title='bbox 890 3515 948 3572; x_wconf 74' lang='lat' dir='ltr'>‘me</span> <span class='ocrx_word' id='word_1_340' title='bbox 966 3521 1020 3570; x_wconf 78' lang='lat' dir='ltr'>aut</span> <span class='ocrx_word' id='word_1_341' title='bbox 1036 3519 1105 3581; x_wconf 71' lang='lat' dir='ltr'>poet</span> 
     </span>
     <span class='ocr_line' id='line_1_39' title="bbox 55 3585 861 3669; baseline 0.011 -27"><span class='ocrx_word' id='word_1_342' title='bbox 55 3585 199 3658; x_wconf 79' lang='lat' dir='ltr'>professus</span> <span class='ocrx_word' id='word_1_343' title='bbox 215 3589 374 3645; x_wconf 72' lang='lat' dir='ltr'>addendam</span> <span class='ocrx_word' id='word_1_344' title='bbox 391 3590 429 3646; x_wconf 74' lang='lat' dir='ltr'>sit</span> <span class='ocrx_word' id='word_1_345' title='bbox 447 3589 506 3647; x_wconf 86' lang='lat' dir='ltr'>dux</span> <span class='ocrx_word' id='word_1_346' title='bbox 525 3590 591 3669; x_wconf 75' lang='grc'><strong>1119</strong></span> <span class='ocrx_word' id='word_1_347' title='bbox 611 3591 671 3651; x_wconf 79' lang='lat' dir='ltr'>luit</span> <span class='ocrx_word' id='word_1_348' title='bbox 689 3594 723 3650; x_wconf 84' lang='lat' dir='ltr'>in</span> <span class='ocrx_word' id='word_1_349' title='bbox 741 3610 802 3650; x_wconf 81' lang='lat' dir='ltr'>roa.</span> <span class='ocrx_word' id='word_1_350' title='bbox 820 3590 861 3650; x_wconf 57' lang='lat' dir='ltr'>Al</span> 
     </span>
    </p>
   </div>
   <div class='ocr_carea' id='block_1_4' title="bbox 0 0 1224 3846">
    <p class='ocr_par' dir='ltr' id='par_1_11' title="bbox 0 0 1224 3846">
     <span class='ocr_line' id='line_1_40' title="bbox 0 0 1224 3846; baseline 0 0"><span class='ocrx_word' id='word_1_351' title='bbox 0 0 1224 3846; x_wconf 95' lang='lat' dir='ltr'> </span> 
     </span>
    </p>
   </div>
  </div>
 </body>
</html>
