2438 3846
111 184 130 248 8
320 181 349 234 L.
366 177 509 234 ANNAEI
528 176 692 234 SENECAE
711 178 807 235 DIAL.
823 177 891 235 IdB.
905 178 926 233 Ι.

76 329 220 411 acaptas
252 327 356 407 multa
393 325 488 391 caede
517 323 737 391 venantium?⁸
756 323 870 390 infelix
901 327 951 390 est
983 323 1153 412 Raetias„

110 415 197 501 quod
227 415 282 500 qui
311 416 405 480 illum
428 415 661 480 damnaverunt
689 434 818 479 causam
846 413 953 480 dicent
985 415 1135 484 omnibus

111 505 269 575 saeculis?
314 505 400 588 quod
431 503 582 588 aequiore
610 503 719 580 animo
743 524 857 587 passus
881 507 930 568 est
953 525 987 568 se
1009 503 1134 588 patriae

110 595 190 680 eripi
221 615 319 677 quam
338 594 405 680 sibi
428 592 584 659 exilium?
629 593 715 677 quod
739 591 850 659 Sullae
872 592 1022 659 dictatori
1043 594 1133 660 solus

110 683 232 768 aliquid
262 685 394 770 negauit
423 688 456 749 et
486 686 656 749 revocatus
685 686 813 748 tantum
836 704 904 747 non
925 687 1012 748 retro
1036 683 1134 749 cessit
1167 704 1179 748 s

110 778 143 839 et
173 773 303 858 longius
331 771 438 859 fugit?
483 771 645 837 ‘viderint'
675 771 782 855 inquit
809 770 875 837 ‘isti
905 793 986 857 quos
1010 771 1134 838 Romae

110 861 322 947 deprehendit
344 862 482 927 felicitas
506 865 570 926 tua.
615 860 747 926 videant
768 862 896 948 largum
918 861 953 926 in
976 860 1047 926 foro
1062 881 1133 927 san-

110 952 241 1038 guinem
275 955 308 1016 et
341 973 439 1035 supra
471 948 686 1016 Servilianum
718 950 825 1015 lacum
858 947 906 1036 (id
923 949 1024 1018 *enim
1059 972 1133 1035 pro-

110 1040 293 1126 scriptionis
324 1039 476 1106 Sullanae
502 1040 690 1125 spoliarium
723 1036 785 1126 est)
813 1043 999 1115 senatorum
1027 1039 1134 1125 capita

110 1134 143 1196 et
165 1130 286 1215 passim
310 1130 458 1217 vagantis
480 1151 538 1214 per
560 1131 673 1194 urbem
701 1151 928 1214 percussorum
956 1150 1069 1216 greges
1100 1134 1134 1196 et
1153 1153 1179 1194 1o

110 1221 213 1284 multa
235 1219 326 1284 milia
349 1219 467 1286 civium
491 1217 713 1284 Romanorum
742 1240 808 1283 uno
835 1220 908 1284 loco
927 1222 1003 1303 post
1025 1218 1133 1303 fidem,

109 1309 210 1373 immo
233 1330 292 1393 per
314 1310 418 1393 ipsam
441 1308 539 1373 fidem
561 1308 735 1374 trucidatat
753 1307 883 1374 videant
900 1308 964 1373 ista
983 1307 1039 1392 qui
1058 1329 1134 1372 exu-

74 1399 176 1463 tlare
208 1418 275 1462 non
304 1397 463 1482 possunt?
519 1396 597 1482 quid
630 1397 730 1484 ergo?
785 1396 865 1474 felix
896 1400 945 1462 est
967 1395 1003 1462 L.
1031 1393 1134 1481 Sulla,

110 1487 209 1571 quod⁴
229 1486 278 1551 illi
310 1486 516 1554 descendenti
548 1485 588 1551 ad
618 1486 725 1552 forum
758 1485 866 1573 gladio
902 1489 1134 1570 summovetur,

111 1576 197 1660 quod
228 1576 334 1661 capita
362 1575 424 1641 sibi
452 1575 669 1642 consularium
692 1575 836 1641 virorum
859 1575 983 1659 patitur
1006 1575 1133 1641 ostendi
1153 1596 1178 1640 ss

109 1670 142 1731 et
165 1666 305 1750 pretium
334 1665 439 1730 caedis
467 1688 525 1750 per
549 1669 751 1747 quaestorem
774 1686 812 1730 ac
835 1663 961 1730 tabulas
985 1664 1132 1748 publicas

109 1754 280 1820 numerat?
332 1759 364 1820 et
393 1754 473 1821 haec
504 1753 612 1818 omnia
642 1753 721 1819 facit
750 1753 819 1837 ille,
851 1753 906 1819 ille
938 1753 994 1837 qui
1025 1755 1132 1840 legem

75 1859 91 1907 9
111 1843 294 1910 Corneliam
317 1844 402 1907 tulit.
447 1843 614 1909 veniemus
638 1841 678 1907 ad
697 1841 873 1928 Regulum:
896 1842 975 1927 quid
997 1841 1047 1906 illi
1068 1842 1132 1908 for·

110 1937 189 1998 tuna
203 1932 330 2015 nocuit,
343 1933 430 2017 quod
444 1933 537 1998 illum
552 1932 781 1999 documentum
796 1931 886 2015 fidei,
902 1930 1133 1998 documentum

109 2023 283 2107 patientiae
318 2021 417 2094 fecit?
468 2022 575 2109 figunt
609 2025 716 2088 cutem
748 2021 831 2088 clavi
863 2025 896 2087 et
928 2042 1134 2106 quocumque
1152 2043 1179 2085 ao

109 2111 282 2197 fatigatum
312 2132 428 2195 corpus
451 2111 634 2195 reclinavit,
661 2111 789 2177 vulneri
810 2110 984 2194 incumbit,
1006 2110 1041 2174 in
1062 2132 1134 2194 per·

109 2205 240 2285 petuam
271 2200 416 2288 vigiliam
447 2221 602 2285 suspensa
631 2203 707 2266 sunt
736 2201 872 2280 lumina:
903 2202 1028 2285 quanto
1057 2200 1132 2284 plus

110 2292 265 2356 tormenti
292 2295 384 2356 tanto
412 2291 486 2375 plus
510 2290 571 2356 erit
593 2289 723 2376 gloriae.
768 2289 817 2355 vis
842 2289 1044 2374 scirequam
1066 2311 1134 2355 non

110 2381 274 2465 paeniteat
296 2380 359 2446 hoc
382 2380 486 2465 pretio
511 2379 696 2446 aestimasse
712 2378 889 2445 virtutem?
920 2378 1016 2444 refice
1038 2377 1133 2444 illum

58 2485 91 2535 10
111 2474 144 2535 et
173 2470 266 2534 mitte
289 2470 324 2553 in
354 2473 515 2535 senatumt
546 2468 679 2535 eandem
707 2468 901 2535 sententiam
925 2468 1017 2534 dicet.
1062 2468 1132 2534 feli·
1152 2490 1178 2532 ss

200 2689 218 2744 2
236 2689 445 2745 damnauerunt
460 2689 478 2743 d
493 2705 608 2755 causam
626 2689 657 2756 (d
671 2689 721 2744 del.
737 2707 770 2744 m.
787 2690 813 2757 1)
828 2689 856 2744 A
874 2687 884 2760 ll
901 2687 920 2742 d
936 2689 1011 2757 quod
1025 2688 1056 2757 (d
1069 2705 1091 2743 s.
1106 2706 1131 2743 c.

111 2761 174 2815 edd.
189 2778 225 2816 m.
239 2764 268 2824 2)
283 2761 311 2815 A
335 2761 345 2831 li
369 2760 387 2814 4
405 2760 477 2833 syllp
491 2764 518 2816 A
542 2761 553 2834 tl
577 2761 724 2815 ttantum
749 2775 807 2814 non
832 2761 907 2814 retro
933 2761 1018 2816 cessit
1040 2762 1070 2814 et
1090 2758 1133 2815 A¹

101 2848 179 2887 ,corn
193 2833 225 2887 io
243 2848 299 2886 non
318 2833 429 2887 tantum
448 2834 523 2900 retro
542 2832 629 2888 cessit
646 2834 689 2886 set
702 2831 744 2886 A³
756 2831 767 2904 l!
784 2831 803 2887 9
816 2832 977 2886 senatorum
992 2833 1022 2888 st
1035 2831 1133 2900 capita

111 2912 152 2967 A¹
170 2913 217 2967 sed
240 2915 269 2968 et
287 2919 384 2981 posteo
406 2913 457 2967 del.
483 2912 493 2986 Η
518 2912 553 2967 11
573 2911 679 2966 ciuium
696 2905 729 2966 E.
749 2913 777 2967 A
801 2911 812 2982 {1
835 2910 872 2965 12
889 2911 1034 2966 trucidata
1047 2913 1076 2967 A
1094 2911 1132 2982 (ci

111 2999 131 3037 s.
147 3000 171 3037 o.
187 2984 250 3038 odd.
265 3001 299 3038 m.
316 2988 342 3052 1)
361 2982 371 3054 tl
390 2983 424 3037 13
442 3001 528 3053 supro
547 2983 616 3052 quid
634 2984 714 3039 solito
730 2983 889 3052 compendio
902 2984 1035 3052 scriptum
1053 2983 1063 3035 i
1082 2983 1131 3037 ad·

107 3049 187 3123 picto
205 3061 244 3109 est
260 3057 291 3109 e'a
305 3057 333 3110 A
349 3061 353 3128 t
370 3054 443 3124 sylla
457 3057 485 3110 A
503 3056 513 3127 ll
530 3055 567 3109 15
583 3054 708 3109 ostendit
724 3056 757 3109 ia
774 3053 817 3107 -di
831 3070 899 3108 corr.
914 3054 956 3109 A¹
969 3053 979 3126 Η
997 3053 1144 3109 17180181»

111 3142 181 3180 corr.
200 3127 232 3179 io
254 3124 325 3180 tacit
339 3127 380 3180 A¹
405 3129 409 3198 l
436 3125 485 3180 ille
503 3126 552 3180 ille
567 3127 595 3181 A
613 3125 662 3181 ille
680 3125 759 3181 Sulla
778 3126 913 3181 Schultess
939 3124 988 3179 ille
1007 3126 1067 3194 ipso
1091 3127 1133 3194 (ta

111 3197 188 3252 codd.
208 3199 318 3265 saeptos
336 3197 385 3251 irre
404 3201 559 3262 exoratam)
577 3214 624 3268 epo
642 3199 821 3269 contererem,
839 3215 914 3252 coac
932 3197 1034 3251 codicis
1051 3197 1133 3251 cerba

111 3274 218 3322 mutare
236 3268 346 3335 dubito;
366 3269 428 3324 eide
447 3270 573 3336 Wo'lffle'o
590 3269 656 3325 ‘Die
677 3269 854 3325 Gemioote'en
872 3270 911 3322 im
924 3267 1132 3323 Loteiae'sehen'

26 3342 28 3346 “
113 3339 257 3394 Sita-Ber.
272 3341 373 3410 Bayer.
389 3341 479 3395 Alcad.
496 3344 568 3395 1882
581 3356 611 3409 p.
622 3344 675 3396 433
697 3340 708 3413 ll
733 3339 769 3395 la
786 3341 870 3395 certa
886 3338 962 3394 fidei.
982 3339 1133 3394 documen-

112 3412 173 3464 tum
191 3412 224 3465 e'o
241 3428 326 3482 morp.
342 3412 405 3466 add.
420 3410 462 3464 A·
484 3419 510 3466 et
529 3418 594 3481 post
619 3411 817 3467 documentum
842 3411 989 3474 temerando
1006 3427 1061 3466 esse
1077 3411 1131 3481 sip-

109 3483 238 3546 m'fiooos't
255 3482 269 3552 ll
290 3481 326 3536 28
344 3482 452 3551 gloriae
476 3485 556 3551 (corr.
569 3484 624 3539 oid.
639 3501 673 3540 eoo
690 3484 756 3553 ria)
771 3485 799 3539 A
816 3483 827 3555 ΙΙ
848 3481 885 3536 24
903 3483 986 3539 refice
999 3483 1027 3536 A
1046 3480 1131 3552 refige

90 3550 228 3602 Lautam
247 3569 294 3620 ap.
313 3554 411 3623 Gertz,
428 3556 496 3624 fort.
512 3561 582 3612 reete
641 3579 644 3585 ·
