2438 3846
107 154 173 222 352
299 152 330 207 L.
344 142 492 206 ANNAEI'
507 149 673 206 SENECAE
690 150 788 206 DIAL.
802 151 871 206 LIB.
884 149 945 207 XII.

107 321 141 366 se
168 297 272 385 magis
300 296 491 377 inexilium
513 296 575 381 ire,
602 296 660 381 qui
683 296 752 364 sine
774 296 834 363 illo
856 297 1020 386 rediturus
1043 303 1142 385 esset,

72 405 206 474 squam
228 389 322 452 illum
343 387 378 452 in
397 385 494 452 exilio
512 386 661 470 relinqui.
699 409 719 453 0
737 387 986 454 fortunatiorem
1003 385 1141 456 Marcel·

106 479 176 544 lum
199 498 236 543 eo
255 480 416 562 tempore,
440 496 505 560 quo
532 476 665 541 exilium
691 497 787 542 suum
807 475 911 542 Bruto
935 477 1140 564 adprobavit,

108 588 205 652 quam
232 587 296 650 quo
324 565 372 631 rei
401 564 551 650 publicae
579 565 799 631 consulatuml
845 569 985 649 quantus
1008 566 1066 633 ille
1087 568 1142 634 vir

106 656 182 739 fuit,
206 656 263 740 qui
286 654 405 738 effecit,
423 657 462 720 ut
479 654 597 739 aliquis
617 656 693 720 exul
710 656 773 720 sibi
790 654 968 741 videretur,
980 655 1080 741 'quod
1096 657 1140 723 ab
1169 678 1182 720 r

107 746 201 811 exule
228 744 403 810 recederet!
451 747 590 827 quantus
618 745 670 810 vir
696 744 773 830 fuit,
806 744 863 829 qni
889 745 926 811 in
953 744 1140 813 admiratio·

107 856 181 900 nem
214 834 266 899 sui
298 832 433 899 adduxit
463 833 629 898 hominem
657 833 755 900 etiam
773 830 905 910 ¹Catoni
932 855 992 900 suo
1019 835 1139 902 miran-

72 924 199 992 oduml
244 923 331 988 idem
353 921 475 987 Brutus
500 921 546 987 ait
565 920 598 987 0.
614 920 782 989 Gaesarem
800 922 974 1007 Mytilenas
997 927 1140 1009 praeter·

107 1017 252 1097 vectum,
276 1011 353 1097 quia
375 1034 443 1077 non
466 1012 640 1078 sustineret
657 1011 766 1077 videre
785 1011 1003 1078 deformatum
1021 1012 1139 1080 virum

107 1101 158 1168 illi
169 1096 311 1186 'quidem
328 1102 468 1167 reditum
486 1101 662 1187 inpetravit
680 1105 810 1167 senatus
828 1101 969 1187 publicis
986 1102 1140 1188 precibus
1157 1126 1182 1168 ιι

107 1195 176 1279 tam
208 1190 368 1258 sollicitus
401 1213 439 1257 ac
470 1195 628 1276 maestus,
658 1195 697 1256 ut
728 1212 840 1257 omnes
871 1191 931 1258 illo
963 1192 1016 1257 tie
1043 1191 1141 1259 Bruti

107 1279 226 1346 habere
258 1281 402 1365 animum
433 1281 620 1346 viderentur
651 1283 685 1347 et
715 1302 784 1346 non
809 1302 870 1365 pro
898 1280 1054 1348 Marcello
1081 1281 1141 1348 sed

107 1383 167 1456 pro
186 1391 221 1436 ee
240 1369 418 1455 deprecari,
439 1392 480 1435 ne
499 1369 608 1436 exules
628 1372 751 1454 essent,
773 1369 802 1435 si
820 1370 890 1436 sine
907 1369 966 1436 illo
985 1368 1140 1455 fuissent3

6 1461 10 1468 ’
109 1460 166 1526 sed
191 1460 266 1544 plus
293 1461 398 1525 multo
423 1463 615 1526 consecutus
639 1462 701 1544 est,
729 1481 794 1543 quo
818 1460 869 1526 die
892 1459 987 1525 illum
1010 1459 1139 1526 exulem

108 1547 230 1615 Brutus
252 1549 434 1633 relinquere
456 1571 525 1615 non
546 1549 668 1635 potuit,
697 1546 814 1615 Caesar
835 1548 953 1615 videre.
999 1549 1141 1637 contigit
1157 1571 1183 1615 u

109 1638 267 1704 enim'illi
290 1638 513 1705 testimouium
535 1639 718 1723 utriusque:
745 1637 870 1704 Brutus
891 1638 961 1704 sine
983 1637 1139 1706 Marcello

74 1729 228 1794 treverti
256 1750 290 1795 se
318 1729 437 1813 doluit,
465 1726 582 1794 Caesar
604 1728 741 1793 erubuit.
786 1749 866 1793 num
890 1728 1031 1813 dubitas,
1060 1730 1141 1812 quin

109 1839 143 1884 se
169 1817 226 1882 ille
248 1816 421 1883 Marcellus
449 1820 558 1883 tantus
586 1816 637 1883 vir
664 1818 711 1883 sic
738 1816 780 1883 ad
805 1816 1011 1883 tolerandum
1034 1838 1140 1901 aequo

108 1907 216 1972 animo
240 1906 374 1971 exilium
393 1928 489 1992 saepe
507 1907 696 1972 adhortatus
716 1906 771 1971 sit:
795 1905 899 1991 ‘quod
916 1907 1023 1991 patria
1040 1927 1141 1992 cares,

107 2018 176 2062 non
198 2000 248 2062 est
269 1997 432 2063 miserum.
478 1997 526 2062 ita
548 1999 581 2062 te
605 1996 785 2080 disciplinis
809 1995 958 2080 inbuisti,
980 2000 1018 2061 ut
1040 1997 1185 2064 scireest

109 2107 240 2152 omnem
261 2086 372 2152 locum
395 2085 535 2171 sepienti
557 2085 629 2150 viro
648 2086 787 2169 patriam
806 2107 884 2151 esse.
922 2084 1001 2169 quid
1018 2085 1141 2171 porro?

108 2174 177 2258 hie,
208 2173 264 2259 qui
293 2178 327 2240 te
355 2176 493 2260 expulit,
523 2195 591 2240 non
617 2174 768 2260 ipseper
795 2196 897 2240 anuos
926 2174 1036 2241 decem
1064 2195 1141 2242 eon·

109 2264 219 2329 tinuos
250 2262 356 2349 patria
383 2264 509 2331 caruit?
555 2264 758 2351 propagandi
774 2264 855 2334 sine
884 2262 982 2329 dubio
1010 2262 1142 2349 imperii

74 2368 220 2420 soausa:
249 2352 306 2419 sed
332 2375 449 2439 nempe
478 2353 591 2420 caruit,
636 2374 724 2420 nunc
752 2374 825 2419 ecce
852 2353 954 2418 trahit
980 2352 1076 2418 illum
1099 2353 1142 2420 ad

88 2505 91 2512 .
110 2465 145 2510 se
162 2441 275 2509 Africa
293 2443 491 2530 resurgentis
509 2443 589 2508 belli
607 2443 704 2508 minis
722 2443 833 2527 plena,
851 2443 952 2508 trahit
969 2441 1141 2530 Hispania,
1158 2465 1183 2507 rs

111 2554 193 2616 quae
211 2531 330 2598 fractas
349 2535 383 2598 et
400 2532 547 2598 adflictae
565 2536 674 2617 partes
692 2532 831 2617 refovet,
854 2533 954 2598 trahit
968 2529 1139 2619 Aegyptus

110 2621 223 2706 infida,
253 2624 343 2686 totus
374 2621 512 2705 deniqne
543 2622 644 2706 orbis,
675 2621 731 2705 qui
762 2621 803 2685 ad
833 2621 1036 2688 occasionem
1064 2643 1140 2688 oon-

110 2711 197 2776 cussi
223 2709 352 2796 imperii
378 2709 522 2776 intentus
551 2715 609 2777 est.
655 2710 710 2776 cui
735 2710 877 2795 primum
899 2711 947 2777 rei
970 2711 1140 2778 occurret?

110 2799 164 2865 cui
192 2800 279 2884 parti
309 2821 343 2865 se
373 2799 538 2885 opponet?
583 2802 658 2886 aget
686 2799 780 2864 illum
810 2822 869 2885 per
897 2821 1008 2867 omnes
1036 2803 1140 2866 terrae

110 2889 247 2954 victoria
270 2911 335 2954 sua.
372 2888 466 2954 illum
485 2889 665 2974 suspiciant
683 2893 716 2954 et
734 2890 844 2955 colant
863 2894 988 2977 gentes:
1011 2893 1048 2955 tu
1066 2889 1140 2956 vive
1157 2911 1182 2952 so

111 2976 214 3043 Bruto
238 2979 390 3044 miratore
413 2978 617 3045 contentust'

200 3171 218 3225 5
244 3171 336 3243 exslul
356 3173 385 3228 A
411 3174 490 3242 (arua
513 3174 537 3242 s)
566 3173 569 3244 Ι
598 3172 673 3240 quod
694 3185 711 3226 ς
736 3189 792 3242 quo
811 3173 839 3227 A
865 3189 950 3241 quom
972 3173 1114 3228 Rossbach
1130 3173 1141 3246 ΙΙ

111 3242 129 3298 8
149 3241 189 3298 ,6.
210 3247 305 3316 cesare
324 3244 352 3299 A
379 3243 383 3316 Ι
411 3244 564 3313 mitylenus
583 3246 611 3298 A
634 3261 702 3300 corr.
722 3245 836 3299 Fickert
859 3244 929 3315 itm
951 3246 980 3299 et
997 3245 1063 3299 odd.
1077 3261 1100 3299 a.
1113 3262 1139 3301 o.

112 3314 154 3370 A¹
180 3315 191 3388 tt
217 3313 251 3370 17
277 3315 426 3371 revertisse
447 3317 475 3371 A
500 3332 570 3371 corr.
590 3316 659 3386 volp.
684 3315 695 3389 Η
722 3315 758 3371 18
782 3313 934 3370 Marcellus
960 3317 1028 3387 vulp.
1052 3330 1104 3373 orn.
1129 3315 1140 3389 ΙΙ

82 3412 84 3416 >
112 3384 148 3439 19
171 3401 256 3456 saepe
277 3387 306 3442 A
330 3387 392 3456 ipse
417 3388 519 3444 mavolt
545 3387 636 3444 Gesta
664 3393 728 3443 cate
751 3388 912 3444 Fickertwm
934 3389 1033 3443 omaso
1055 3404 1086 3443 se
1107 3389 1141 3443 ist

104 3473 128 3509 a
147 3463 192 3512 17
208 3458 258 3514 hrt*
278 3459 411 3515 edebatur
434 3475 464 3514 se
486 3460 550 3529 ipse
574 3459 585 3532 tl
609 3458 646 3513 26
685 3461 788 3530 gyptos
803 3461 831 3515 A
853 3462 880 3530 (o
898 3461 931 3515 ic
948 3476 968 3512 u
986 3475 1055 3516 corr.
1074 3459 1139 3528 sort.

88 3540 125 3578 m.
140 3527 174 3594 β)
190 3529 275 3598 qaod
289 3532 473 3590 recreem
492 3537 584 3591 caecet
599 3474 741 3590 Roscium
