2438 3846
123 161 188 246 236
307 159 337 213 L.
353 157 497 214 ANNAEI
515 158 681 215 SENECAE
699 157 795 214 DIAIa.
810 158 878 214 LIB.
892 157 965 214 VIII.

124 326 205 390 opus
230 325 324 370 suum
347 308 471 389 spectet
489 326 531 370 an
548 307 679 387 tractet3
701 307 852 370 utrumne
875 304 1073 370 extrinsecus
1096 305 1148 371 illi

123 394 336 460 circumfusus
360 394 403 459 sit
426 417 467 474 an
487 395 550 460 toti
568 393 703 478 inditus3
726 392 918 458 immortalis
942 392 985 460 sit
1005 394 1148 461 mundus

123 505 166 549 on
187 483 272 549 inter
294 483 416 550 caduca
438 487 471 550 et
493 484 534 549 ad
556 486 684 568 tempus
707 486 784 549 nata
805 483 1029 548 numerandus.
1066 483 1148 551 haec

124 571 181 657 qui
208 574 459 657 contemplatur,
489 573 567 658 quid
596 573 656 638 deo
686 572 850 657 praestat?
895 594 936 638 ne
963 575 1055 638 tanta
1077 573 1147 639 eius

124 683 222 746 opera
244 662 313 727 sine
336 665 418 728 teste
442 661 493 729 sit.
1177 683 1189 724 s

89 786 103 834 1
213 767 253 833 V.
291 766 439 834 Solemus
456 768 561 833 dicere
576 789 738 833 summum
751 769 873 833 bonum
887 788 956 833 esse
970 767 1148 834 secundum

123 860 272 922 naturam
301 858 423 923 viveret
454 860 570 923 natura
598 879 658 923 nos
688 856 729 922 ad
757 860 931 942 utrumque
960 857 1087 944 genuit,
1116 861 1149 923 et

123 946 390 1032 contemplationi
411 968 520 1013 rerum
543 950 576 1012 et
598 945 735 1025 actioni..
763 945 845 1032 [32]
877 968 964 1032 nunc
982 947 1016 1012 id
1033 947 1148 1033 probe-

124 1056 211 1119 mus,
239 1036 326 1120 quod
352 1037 442 1121 prius
467 1035 637 1102 diximus.¹
663 1036 740 1121 quid
763 1035 883 1121 porro?
911 1036 982 1103 hoc
996 1057 1064 1102 non
1087 1036 1149 1103 erit

124 1124 312 1209 probatum,
330 1126 358 1189 si
377 1147 410 1190 se
425 1126 647 1209 unusquisque
661 1125 873 1209 consuluerit,
892 1127 1045 1210 quantam
1059 1125 1148 1211 cupi·
1166 1145 1191 1186 ro

124 1213 232 1278 dinem
254 1213 372 1279 habeat
393 1215 507 1300 ignota
527 1212 694 1297 noscendi,
718 1234 816 1298 quam
838 1216 879 1279 ad
898 1213 1004 1279 omnis
1021 1214 1148 1281 fabulas

88 1321 105 1370 a
125 1301 303 1368 excitetur?
343 1305 499 1390 navigent
521 1303 652 1387 quidam
676 1306 708 1387 et
729 1303 856 1368 labores
880 1302 1148 1390 peregrinationis

123 1392 333 1478 longissimae
354 1415 421 1458 una
442 1392 588 1458 mercede
611 1392 836 1478 perpetiuntur
858 1392 1073 1479 cognoscendi
1092 1392 1148 1458 ali·

125 1481 203 1566 quid
235 1480 382 1547 abditum
413 1485 648 1566 remotumque.
699 1481 780 1547 hoec
809 1503 860 1546 res
893 1481 934 1547 ad
965 1482 1150 1567 spectacula

124 1571 263 1655 populos
291 1570 469 1654 contrahit,
494 1570 574 1636 haec
597 1569 687 1656 cogit
708 1571 876 1655 praeclusa
897 1570 1022 1654 rimari,
1049 1590 1149 1636 scere
1167 1589 1192 1631 n

123 1658 208 1724 tiore
222 1659 403 1744 exquirere,
421 1659 629 1743 antiquitates
644 1660 804 1744 evolvere,
822 1680 927 1725 mores
941 1659 1149 1725 barbarorum

90 1747 235 1814 saudire
258 1747 418 1835 gentium:
441 1748 604 1814 curiosum
626 1746 721 1813 nobis
743 1752 859 1815 natura
876 1748 1042 1835 Ingenium
1061 1749 1150 1814 dedit

125 1840 158 1902 et
181 1837 258 1902 artis
281 1837 344 1903 sibi
367 1858 404 1902 ac
426 1837 677 1926 pulchritudinis
701 1859 777 1903 suae
800 1838 929 1905 conscia
952 1841 1149 1923 spectatores

125 1946 185 1991 nos
208 1927 307 1993 tantis
330 1948 437 1991 rerum
461 1926 653 2011 spectaculis
674 1926 800 2013 genuit,
823 1927 988 2012 perditura
1005 1926 1149 1993 fructum

125 2015 190 2098 sui,
220 2016 248 2080 si
276 2018 344 2080 tem
374 2037 506 2102 magno,
534 2019 603 2081 tam
630 2016 731 2100 clara,
759 2018 826 2080 tam
854 2015 1016 2081 subtiliter
1043 2015 1150 2101 ducta,
1167 2034 1193 2076 so

125 2107 193 2170 tam
224 2104 329 2169 nitida
357 2107 389 2170 et
415 2126 483 2171 non
509 2127 576 2171 uno
604 2126 720 2191 genere
743 2103 886 2171 formosa
908 2104 1077 2171 solitudini
1100 2126 1150 2171 os·

90 2193 279 2260 stonderet.
315 2197 354 2259 ut
376 2194 458 2260 scias
481 2195 572 2260 illam
596 2194 734 2279 spectari
756 2195 912 2277 voluisse,
932 2216 1000 2261 non
1021 2198 1151 2260 tentum

126 2281 239 2367 aspici,
268 2282 341 2351 vide
369 2304 465 2368 quem
493 2285 586 2350 nobis
609 2286 718 2350 locum
742 2283 877 2349 dederit:
903 2284 940 2349 in
961 2282 1068 2351 media
1089 2305 1149 2350 nos

126 2372 177 2436 sui
206 2375 298 2457 parte
330 2372 501 2438 constituit
527 2377 560 2439 et
586 2373 855 2457 circumspectum
884 2373 1028 2439 omnium
1055 2373 1175 2439 nobis,

127 2460 228 2545 dedit3
263 2482 324 2527 nec
360 2461 461 2527 erexit
491 2462 717 2527 tantummodo
749 2461 929 2546 hominem,
965 2462 1020 2528 sed
1053 2463 1150 2527 etiam
1169 2480 1194 2523 ss

126 2550 267 2615 habilem
295 2550 562 2635 contemplationi
591 2550 730 2634 factrus,
759 2554 797 2615 ut
823 2551 863 2617 ab
892 2555 966 2617 ortu
989 2552 1094 2617 sidera
1116 2550 1152 2616 in

127 2660 277 2705 occasum
312 2637 456 2705 labentia
490 2639 643 2725 prosequi
678 2643 789 2724 posset
824 2643 857 2705 et
891 2642 1018 2706 voltum
1055 2662 1151 2707 suum

126 2728 333 2794 circumferre
357 2749 430 2795 cum
453 2732 524 2794 toto
530 2777 539 2812 ,
561 2728 699 2794 sublime
721 2727 800 2795 fecit
821 2728 871 2794 illi
891 2734 992 2815 ,eaput
1014 2734 1048 2796 et
1066 2730 1151 2796 collo

128 2817 228 2882 flexili
250 2817 419 2902 imposuit3
443 2815 556 2883 deinde
580 2839 657 2883 sena
679 2839 737 2901 por
760 2817 858 2902 diem,
885 2840 962 2884 sena
991 2841 1049 2905 per
1075 2839 1152 2884 noc-

217 3027 310 3098 dopa
323 3027 351 3082 A
372 3026 376 3100 t
397 3027 436 3082 sit
449 3026 495 3082 A.
515 3029 632 3095 rectius,
644 3033 677 3083 ut
689 3029 756 3096 oid,
774 3027 833 3084 sint
849 3031 919 3100 colo.
938 3033 946 3099 {t
965 3027 983 3084 8
1000 3027 1032 3082 id
1043 3026 1152 3099 probs-

128 3115 190 3152 mus
218 3099 300 3154 Gerts
323 3096 489 3167 iprobemus
507 3101 536 3154 A
560 3099 619 3153 iam
641 3116 683 3168 pr.
702 3100 815 3156 Fickert
840 3101 963 3169 primum
989 3117 1030 3170 pr.
1054 3101 1153 3156 Haase

128 3170 189 3237 (cfr.
214 3171 291 3240 epist.
311 3186 343 3238 p.
365 3172 427 3236 505,
440 3173 478 3224 24
502 3170 579 3240 adn.)
607 3188 647 3226 cn
673 3171 788 3240 conpr?
815 3170 825 3244 Η
854 3171 872 3226 c
914 3172 963 3226 uoi
986 3187 1071 3241 porro
1097 3170 1153 3225 hoc

129 3241 248 3311 Modcip
269 3240 280 3313 tt
302 3240 337 3295 15
356 3240 481 3312 polusari
499 3258 578 3319 mare
596 3242 624 3297 A
645 3258 713 3298 corr.
732 3243 801 3312 colp.
824 3240 835 3315 11
856 3189 1096 3297 lotarbarorum
1109 3240 1156 3298 Α’-

128 3327 196 3368 corr.
220 3310 263 3366 Al
288 3311 299 3385 ΙΙ
325 3311 361 3366 18
388 3312 500 3384 conscie
520 3314 549 3369 A
576 3312 587 3386 Η
615 3311 652 3366 Id
679 3312 804 3367 habilem
832 3313 1101 3383 contemplationem
1124 3313 1153 3368 A

128 3400 197 3439 corr.
212 3384 329 3452 Lipsius
346 3381 473 3437 habilem
492 3383 530 3437 ed
549 3400 571 3438 o.
588 3384 667 3439 Koch
684 3383 695 3456 lt
712 3383 748 3440 28
762 3401 826 3438 cum
844 3386 920 3439 totos
934 3385 962 3440 A
979 3385 1053 3440 onds
1069 3383 1153 3439 Gertz

128 3471 192 3510 eum
210 3455 286 3522 toto,
305 3470 336 3509 os
354 3470 404 3510 scr.
420 3453 538 3512 &mccc
555 3455 726 3511 obversatum
743 3472 798 3511 cecc
816 3457 968 3512 arbitratos
988 3455 1067 3512 Ooid.
1083 3455 1145 3510 Met

126 3525 233 3595 '8654
254 3525 267 3596 s
285 3525 383 3596 capud
397 3523 479 3584 Μ’
492 3541 562 3584 corr.
577 3525 620 3584 Al
638 3529 667 3582 et
685 3529 773 3597 caput
788 3526 870 3583 Gertz
