2438 3846
478 188 685 244 PRAEFATIO
1026 189 1091 244 XIII

67 341 210 400 milandis
229 340 340 401 codicis
358 339 593 401 inconstantiam
616 341 736 400 secutus
759 359 826 401 sum
846 343 904 417 ita,
926 344 975 417 ut,
1002 337 1088 400 ubil

67 430 214 506 scriptum
245 432 312 490 erat
342 448 397 490 nec
427 429 576 507 liquebat,
607 431 713 490 utrum
742 431 776 488 c‘o
808 449 848 489 an
878 431 921 489 im
948 429 1089 490 librarius

68 519 159 580 scribi
180 520 338 595 voluisset,
364 521 407 578 im
435 520 505 579 ante
528 520 545 579 b
567 536 598 577 m
616 538 640 593 p
663 538 732 578 cum
754 517 874 581 Gertzio
899 521 1090 596 praeferrem,

65 609 140 667 item
163 603 194 668 co
217 610 251 667 in
274 626 350 684 com,
373 608 424 668 sed
448 604 465 667 ὁ
486 627 603 684 semper
624 607 657 666 in
680 625 734 668 con
755 609 910 669 solverem.

156 697 202 757 De
234 697 386 758 codicibus
418 697 615 758 deterioribus
643 689 691 779 (ς)
718 716 780 758 non
807 697 904 758 habeo
937 697 1017 775 quod
1047 695 1125 757 eiss

66 786 190 862 addam,
216 806 293 864 quae
314 785 402 847 Gertz
424 788 457 846 in
479 787 574 864 praef.
593 787 664 846 edit
687 806 760 849 suae
783 789 814 847 et
836 787 869 847 in
887 788 965 847 Berl
980 786 1089 847 Philol.

64 876 275 937 Woohenschr.
288 877 374 937 1889
393 896 422 953 p.
434 877 498 936 372
508 894 553 953 sq.
567 878 599 936 et
612 896 707 953 nuper
723 876 825 937 Hense
843 878 876 936 in
893 878 987 954 praef.
1002 877 1089 953 epist.

67 966 197 1026 Senecae
215 987 245 1044 p.
259 966 343 1026 XXV
357 984 400 1042 sq.
415 968 447 1026 et
458 965 587 1026 XXXVI
605 984 649 1044 sq.
668 967 831 1044 prudenter
852 966 1088 1044 disputaverunt

66 1054 219 1116 codicibus
242 1056 291 1115 his
311 1055 513 1116 multifariam
535 1056 684 1132 corruptis
707 1059 799 1133 atque
820 1056 1012 1133 interpolatis
1035 1074 1089 1115 nos

65 1147 100 1204 in
129 1143 335 1205 emendatione
365 1145 454 1223 plane
484 1163 584 1206 carere
613 1164 674 1204 non
703 1164 791 1222 posse
821 1146 870 1206 vel
899 1165 979 1206 nnus
1006 1146 1088 1205 locus

66 1233 180 1294 clamat
206 1226 249 1316 (p.
266 1236 339 1310 118,
350 1229 399 1316 3),
429 1253 491 1312 quo
521 1232 582 1294 duo
609 1234 702 1294 verba
730 1237 810 1295 certe
837 1235 982 1314 genuina,
1012 1254 1089 1311 quae

65 1324 100 1382 in
129 1322 161 1383 A
191 1342 253 1383 non
283 1324 438 1403 leguntur,
474 1323 507 1382 in
538 1323 690 1384 codicibus
722 1324 938 1385 recentioribus
969 1328 1090 1385 servata
1143 1383 1145 1389 .

65 1415 145 1473 sunt
190 1412 268 1472 illud
291 1432 411 1491 quoqne
433 1413 654 1473 concedendum
676 1414 723 1474 est
743 1414 826 1473 haud
848 1432 917 1474 raro
938 1431 998 1488 eos,
1022 1433 1089 1473 cum

64 1503 99 1561 in
125 1501 315 1581 gravioribus
342 1502 458 1563 mendis
486 1521 553 1562 cum
575 1501 776 1563 Ambrosiano
803 1503 865 1563 fere
890 1502 1088 1578 consentiant,

64 1592 99 1650 iu
128 1591 290 1653 levioribus
317 1592 443 1652 meliora
469 1592 643 1652 servavisse.
694 1610 749 1652 nee
775 1593 877 1651 tamen
903 1593 974 1652 inde
1000 1593 1088 1653 eolle-

65 1681 162 1759 gerim
189 1679 286 1740 denuo
313 1700 364 1742 eos
392 1683 423 1741 et
451 1681 621 1742 accuratius
648 1682 685 1740 nt
707 1700 723 1742 e
746 1681 880 1758 pleniore
908 1700 943 1741 ac
968 1682 1088 1759 puriore

57 1771 149 1830 ‘fonte
163 1770 314 1830 derivatos
328 1769 559 1847 perscrutandos
579 1789 651 1831 esse.
685 1770 753 1847 quis
773 1769 853 1829 enim
872 1789 947 1847 opus
964 1773 1088 1848 plenum

64 1859 160 1918 taedii
183 1861 275 1936 atque
298 1860 381 1920 aleae
405 1859 564 1936 suscipiat,
592 1878 660 1920 cnm
682 1860 815 1920 finctum
837 1859 940 1920 labore
963 1861 1088 1938 dignum

65 1968 134 2008 eum
163 1950 375 2026 percepturum
403 1949 542 2026 improba
571 1968 639 2026 spes
669 1947 730 2008 sit?
761 1968 859 2026 neque
888 1949 968 2009 enim
995 1948 1087 2026 scrip-

64 2041 152 2096 turae
173 2038 243 2096 illae
267 2038 484 2101 emendatiores
509 2038 542 2098 in
564 2057 626 2098 uno
650 2039 783 2098 alterove
807 2038 908 2098 codice
930 2038 1087 2100 inveniun-

64 2129 130 2204 tur,
157 2128 209 2187 sed
236 2146 291 2203 per
317 2129 429 2188 multos
456 2127 549 2189 libros
569 2126 719 2204 dispersae
742 2130 826 2204 sunt,
850 2147 905 2187 nec
926 2129 991 2187 tam
1009 2127 1087 2186 diffi-

65 2215 136 2276 ciles
165 2219 236 2276 sunt
263 2216 403 2292 inventu,
432 2219 469 2277 nt
497 2217 561 2277 veri
591 2217 736 2276 dissimile
773 2219 815 2276 sit
841 2217 992 2278 exstitisse
1015 2217 1087 2276 olim

63 2305 199 2365 homines
217 2305 340 2382 linguae
357 2307 470 2366 latinae
487 2307 552 2365 tam
572 2306 694 2382 peritos,
716 2307 753 2366 ut
769 2307 920 2383 simplices
939 2305 1088 2366 scribendi

65 2413 179 2455 errores
205 2395 311 2455 tollere
338 2397 468 2473 possent.
495 2397 528 2455 in
549 2413 661 2474 magno
680 2397 781 2455 autem
799 2396 934 2456 codicum
958 2393 1087 2455 Senecae

63 2502 188 2543 numero
211 2483 303 2545 libros
327 2485 399 2545 olim
422 2485 514 2545 fuisse
536 2484 669 2544 melioris
692 2487 781 2544 notae
799 2486 914 2561 plures,
937 2504 953 2545 e
977 2484 1087 2561 quibus

62 2571 160 2632 bonae
183 2573 253 2632 illae
275 2574 417 2633 lectiones
440 2573 504 2650 peti
525 2574 662 2651 possent,
684 2592 745 2633 non
764 2573 928 2634 admodum
946 2573 1086 2634 credibile

63 2659 191 2722 videtur.
223 2665 386 2739 utcumque
408 2681 456 2722 res
478 2681 542 2725 sese
565 2662 670 2737 habet,
692 2662 732 2722 ad
754 2662 941 2722 emendanda
959 2661 1084 2722 Ambro-

63 2749 143 2810 siani
165 2751 258 2811 verba
280 2773 316 2811 ex
338 2752 386 2812 his
408 2752 560 2812 codicibus
582 2752 681 2811 multa
703 2751 816 2811 lucrari
838 2770 892 2812 nos
915 2771 1003 2828 posse
1024 2771 1086 2811 non
1178 2750 1183 2759 “

63 2839 247 2900 crediderim.
302 2842 406 2918 itaque
442 2861 478 2901 ex
515 2843 666 2918 apparatu
701 2842 836 2918 priorum
868 2842 1018 2901 editorum
1050 2860 1086 2901 ea

62 2930 184 2988 tantum
217 2930 323 3010 selegi,
355 2949 433 3009 qnae
462 2931 554 2990 utilia
583 2949 647 2991 esse
677 2929 876 3006 videbantur,
901 2949 956 2990 nec
985 2932 1086 3008 sprevi

63 3036 142 3096 quae
170 3018 258 3078 Gertz
281 3038 316 3078 ex
342 3019 427 3079 libris
451 3022 541 3079 antea
572 3018 686 3098 ignotis
716 3019 830 3079 attulit.
874 3022 905 3079 et
933 3018 966 3078 in
998 3018 1085 3082 libris

63 3106 184 3184 quidem
215 3109 251 3168 de
279 3109 327 3167 ira
356 3109 475 3185 scriptis
504 3109 617 3168 multas
644 3108 787 3170 lectiones
815 3108 925 3168 codicis
952 3107 1084 3168 Lauren-

61 3197 141 3255 tiani
163 3189 222 3277 (L)
247 3201 265 3256 7
270 3199 298 3272 6,
310 3199 350 3256 32
375 3216 450 3257 saec.
465 3197 525 3257 XII
548 3199 597 3258 vel
618 3195 694 3256 XIII
720 3197 892 3273 adnotavit,
919 3197 991 3257 libri
1013 3217 1084 3258 sane
1104 3200 1130 3253 L

62 3285 256 3363 neglegenter
282 3286 387 3363 scripti
410 3289 441 3346 et
462 3287 588 3346 licenter
608 3286 797 3364 interpolati,
825 3286 857 3345 in
881 3287 1084 3347 consolatione

63 3377 166 3432 autem
189 3375 228 3432 ad
250 3374 394 3434 Marciam
423 3376 485 3434 cod.
509 3376 677 3436 Florentini
700 3367 776 3457 (F),
805 3375 949 3435 Laurent.
970 3377 1021 3451 76,
1031 3377 1084 3450 41,
1103 3376 1134 3430 F

63 3481 139 3522 saec.
154 3463 217 3538 XV,
242 3483 300 3539 quo
328 3465 432 3523 eodem
456 3465 488 3524 in
511 3464 617 3541 primis
635 3465 783 3542 capitibus
807 3465 1032 3525 consolationis
1050 3465 1099 3517 ab.

61 3551 223 3628 Polybium
246 3554 375 3631 scriptae
398 3572 469 3617 usus
494 3557 550 3619 cst.
