2438 3846
375 185 425 241 DE
443 186 696 242 PROVIDENTIA
715 186 824 243 CARB
1090 192 1109 256 7

90 357 131 400 ex
144 338 220 399 voto
235 334 285 399 illi
303 333 456 398 fluxerint
474 333 596 418 omnia,
614 337 652 398 ut
670 338 744 399 ante
757 337 886 417 votum,
903 334 987 400 male
1000 336 1111 400 tamen

90 425 130 488 de
162 424 218 489 illo
251 422 298 486 dii
332 421 568 488 iudicaverunt:
604 422 757 508 indignus
788 423 877 488 maus
915 426 965 488 est
996 446 1015 488 a
1045 443 1109 507 quo

89 514 271 578 vinceretur
289 511 462 596 aliquando
481 510 625 595 fortuna,
643 533 725 596 quae
739 512 984 598 ignavissimum
1000 533 1111 597 quem·

91 623 154 686 que
172 602 306 689 refugit,
329 602 421 687 quasi
439 599 538 666 dicat:
561 601 649 686 ‘quid
668 623 729 688 ego
748 602 847 667 istum
866 601 947 667 mihi
965 601 1111 667 adversa·

61 692 175 757 crium
199 690 386 756 adsumam?
419 691 529 755 statim
553 712 643 755 arma
664 690 847 775 submittet3
869 713 936 757 non
960 711 1042 775 opus
1060 695 1111 756 est

90 781 126 844 in
148 780 241 844 illum
263 784 333 845 tota
351 780 498 864 potentia
515 801 601 863 mea,
622 780 687 845 levi
706 779 945 846 conminatione
962 781 1111 865 pelletur,

90 890 158 934 non
196 873 304 953 potest
341 868 499 934 sustinere
530 870 658 933 vultum
690 891 807 934 meum.
862 869 944 934 alius
976 870 1111 935 circum·

91 959 246 1042 spiciatur
275 979 348 1024 cum
379 980 443 1042 quo
474 958 619 1024 conferre
648 958 810 1043 possimus
838 980 984 1043 manum3
1010 958 1111 1043 pudet

89 1047 245 1133 congredi
258 1068 331 1113 cum
345 1047 477 1113 homins
490 1047 576 1113 vinci
595 1047 729 1132 parato'
762 1047 974 1133 ignominiam
990 1047 1111 1113 iudicat
1129 1063 1146 1113 4

45 1161 72 1199 ιο
90 1137 252 1223 gladiator
274 1159 347 1203 cum
366 1137 516 1203 inferiore
535 1138 687 1222 componi
705 1140 738 1212 et
757 1138 819 1203 scit
831 1159 906 1202 eum
920 1138 989 1203 sine
1008 1137 1111 1223 gloria

89 1226 1111 1401 {dizittl}5:1²3titillltadlmfttttltt:

90 1406 410 1471 contumacissimam
433 1426 594 1490 quemque
617 1407 651 1470 et
672 1405 889 1471 rectissimum
916 1405 1113 1491 aggreditur,

90 1494 243 1560 adversm
267 1516 362 1579 quem
378 1494 444 1558 vim
467 1516 558 1559 suam
581 1494 741 1559 intendat:
764 1494 872 1579 ignem
892 1495 1056 1579 experitur
1077 1495 1113 1559 in

45 1605 71 1645 ιε,
90 1583 213 1667 Mucio,
240 1586 465 1668 paupertatem
501 1585 537 1648 in
558 1581 721 1667 Fabricio,
752 1583 884 1649 exilium
913 1584 949 1647 in
978 1582 1113 1667 Rutilio,

90 1676 253 1738 tormenta
282 1673 317 1737 in
340 1671 481 1758 Regulo,
503 1693 663 1737 venenum
690 1673 726 1737 in
748 1671 894 1755 Socrate,
916 1675 1055 1737 mortem
1078 1673 1113 1737 in

91 1760 221 1826 Catone.
273 1783 427 1846 magnum
458 1763 642 1846 exemplum
671 1762 735 1825 nisi
770 1762 854 1826 mala
883 1760 1015 1827 fortuna
1045 1782 1113 1826 non

91 1851 223 1915 invenit.
255 1851 369 1915 infelix
392 1855 441 1915 est
458 1850 598 1934 Mucius,
622 1852 709 1933 quod
728 1850 840 1916 dextra
858 1850 949 1937 ignes
967 1849 1112 1915 hostium
1132 1865 1148 1914 o

91 1940 210 2024 premit
239 1943 272 2005 et
300 1940 370 2024 ipse
393 1963 412 2004 a
435 1960 469 2003 se
492 1940 594 2026 exigit
621 1938 736 2004 erroris
765 1940 815 2004 sui
837 1938 981 2024 poenas?
1025 1938 1111 2022 qnod

44 2051 73 2091 so
91 2050 215 2115 regem,
238 2050 334 2113 quem
358 2033 481 2093 armata
504 2051 602 2094 manu
624 2050 692 2094 non
713 2030 835 2114 potuit,
862 2032 976 2094 exusta
997 2028 1112 2114 fugat?

92 2117 170 2201 quid
200 2118 300 2204 ergo?
344 2117 470 2183 felicior
498 2121 597 2201 esset,
627 2118 654 2182 si
683 2118 718 2182 in
745 2118 818 2182 sinu
845 2117 966 2182 amicae
988 2117 1113 2183 foveret

92 2206 247 2272 manum?
286 2206 400 2272 infelix
422 2210 472 2272 est
493 2206 675 2290 Fabricius,
698 2207 783 2290 quod
807 2229 862 2272 rus
882 2228 991 2290 suum,
1014 2221 1147 2289 quan-c

91 2301 163 2360 tum
178 2319 244 2361 are
257 2297 389 2381 publica
402 2297 542 2380 vacavit,
564 2295 670 2362 fodit?
705 2296 790 2380 quod
810 2296 932 2361 bellum
950 2300 1019 2361 tam
1038 2317 1112 2362 cum

92 2385 217 2470 Pyrrho
241 2407 339 2470 quam
362 2407 436 2451 cum
455 2386 576 2451 divitiis
591 2384 699 2473 gerit?
731 2385 817 2471 quod
831 2385 872 2451 ad
890 2385 1000 2452 focum
1020 2389 1113 2451 canat

46 2496 73 2536 sa
92 2474 165 2539 illas
188 2476 273 2559 ipsas
296 2475 419 2541 radices
443 2480 475 2541 et
497 2475 613 2541 herbas
643 2496 721 2558 quas
750 2475 784 2539 in
805 2474 1010 2561 repurgando
1033 2496 1111 2561 agro

92 2563 297 2648 triumphalis
328 2586 425 2629 senex
448 2563 569 2629 vulsit?
615 2564 692 2647 quid
722 2564 821 2650 ergo?
865 2563 991 2629 felicior
1020 2567 1112 2648 esset,

93 2654 121 2718 si
151 2654 185 2717 in
207 2657 352 2719 ventem
382 2675 476 2719 suum
505 2653 677 2756 longinqui
706 2652 811 2718 litoris
841 2654 946 2738 pisces
969 2656 1002 2719 et
1024 2674 1112 2737 pars·

93 2742 186 2828 grina
215 2744 352 2827 aucupia
384 2746 585 2829 congereret,
617 2764 644 2807 s1
677 2742 842 2828 conchylis
875 2742 984 2827 superi
1015 2746 1112 2828 atque

93 2832 187 2897 inferi
210 2832 307 2897 maris
330 2832 494 2919 pigritiam
524 2832 683 2898 stomachi
710 2831 888 2898 nausiantis
910 2831 1061 2918 erigeret,
1085 2833 1113 2897 si

47 2943 74 2982 eo
93 2921 216 3008 ingenti
246 2943 417 3006 pomorum
441 2925 528 2986 strue
558 2922 702 3007 cingeret
728 2921 851 3005 primae
874 2921 997 2986 formae
1019 2920 1113 3003 feras,

181 3131 199 3184 2
218 3147 291 3198 aquo
311 3133 340 3199 (q
358 3147 427 3186 corr.
442 3148 476 3185 cx
492 3129 520 3201 b)
535 3131 578 3187 A¹
594 3130 605 3203 ll
623 3129 706 3200 lego
722 3130 791 3201 oolp.
806 3146 874 3199 ergo
888 3131 916 3185 A
933 3128 944 3202 Η
961 3129 1107 3203 tparatol

93 3203 135 3256 Aa
152 3204 284 3272 paratam
298 3203 341 3258 A¹
358 3202 368 3274 ll
388 3201 426 3256 12
442 3203 553 3256 transit.
575 3202 657 3258 Gesta
674 3203 864 3272 interpunxit,
881 3201 997 3268 mansit,
1016 3202 1086 3272 oola.
1110 3202 1114 3275 Ι

92 3272 129 3327 lo
147 3274 307 3328 ineatonem
321 3275 350 3329 A
368 3290 435 3329 corr.
449 3275 518 3345 oolp.
532 3273 543 3346 ΙΙ
560 3273 597 3329 28
615 3271 787 3342 arepb'aA1
803 3275 836 3328 in
852 3288 908 3328 ars.
922 3291 950 3343 p.
965 3289 1034 3328 corr.
1049 3273 1092 3329 Μ
1107 3275 1111 3345 Ι

92 3345 175 3399 aversa
192 3345 268 3413 quod
286 3342 393 3398 bellum
415 3347 447 3400 ἐκ
468 3363 530 3400 mor
553 3347 593 3400 ‘aa
615 3345 680 3400 aaa.
699 3343 742 3401 A’
759 3346 924 3415 pactum
946 3345 1114 3416 mpoifioaoit

88 3414 156 3484 post
172 3415 246 3470 fodit
263 3416 410 3471 inserendo
428 3433 483 3472 csso
499 3416 510 3501 [l
546 3415 682 3486 lphyrro
696 3418 724 3472 A
745 3415 902 3501 [adfooum
921 3433 956 3472 aa
974 3414 1025 3470 aff·
1043 3431 1114 3471 corr.

93 3488 170 3540 ΛΜ
187 3486 198 3558 ll
215 3485 251 3541 28
270 3486 414 3557 oonchyljs
428 3489 456 3544 A
473 3488 533 3542 -his
551 3489 620 3559 oolg.
642 3487 711 3617 {lxm
729 3489 895 3558 cingeretur
912 3489 942 3541 A
955 3489 995 3554 kg
1009 3496 1137 3536 cnm

94 3574 109 3611 c
128 3558 192 3623 fort.
207 3576 241 3613 m.
254 3561 283 3628 2)
302 3574 369 3616 corr.
386 3560 452 3633 volq.
473 3559 606 3634 cingeret
620 3577 658 3618 re
690 3560 778 3619 Gesta
