2438 3846
94 166 160 231 294
299 161 329 216 L.
344 160 486 216 ANNAEI
504 159 669 216 SENECAE
689 159 913 217 01111111.

94 331 232 394 quorum
255 308 433 392 inrequieta
457 329 583 391 semper
605 306 740 394 agitatio
763 328 929 391 nunquam
949 308 984 372 in
1002 308 1115 373 eodem

93 400 230 484 vestigio
262 402 377 462 manet.
425 398 530 462 solum
561 397 662 482 igitur
692 396 732 462 ad
761 401 936 481 occupatos
964 419 1114 481 praesens

94 488 233 574 pertinet
262 491 403 572 tempus,
437 486 523 570 quod
552 490 620 551 tam
649 486 745 552 breve
775 490 837 570 est,
867 492 904 552 ut
927 487 1026 571 arripi
1048 510 1116 553 non

94 580 209 662 possit,
233 580 265 647 et
289 577 322 640 id
345 578 452 661 ipsum
475 577 540 642 illis
564 576 719 642 districtis
742 577 778 640 in
796 577 899 641 multa
917 576 1115 642 subducitur.

60 688 73 735 1
184 664 238 731 XI.
275 664 424 750 Denique
460 667 509 730 vis
547 666 627 730 scire
665 686 762 749 qnam
797 688 865 731 non
897 666 952 730 diu
984 666 1117 730 vivant?
1151 688 1163 727 a

93 756 166 821 vide
199 777 296 840 quam
328 756 460 840 cupiant
493 755 548 819 diu
577 756 693 820 vivere.
740 755 894 839 decrepiti
922 777 1012 821 senes
1040 777 1117 840 pau-

94 867 206 912 corum
229 867 385 909 annorum
409 845 624 910 accessionem
648 845 732 909 votis
756 845 953 911 mendicant:
977 845 1117 910 minores

94 938 172 999 natu
201 957 234 999 se
257 935 345 1018 ipsos
369 956 437 999 esse
460 935 602 1020 fingunt3
630 934 797 999 mandacio
821 935 884 1000 sibi
907 934 1119 1000 blandiuntur

95 1028 214 1088 ettam
238 1024 377 1090 libenter
399 1046 433 1089 se
455 1023 573 1088 fallunt
597 1046 694 1108 quam
718 1023 746 1087 si
769 1046 833 1088 una
856 1024 923 1088 fata
947 1024 1117 1108 decipiant.

94 1115 158 1178 iam
186 1137 261 1179 vero
286 1135 360 1178 oum
384 1114 458 1178 illos
482 1114 591 1197 aliqua
614 1113 808 1178 inbecillitas
833 1114 1040 1179 mortalitatis
1064 1114 1118 1179 ad·
1138 1135 1163 1174 ro

94 1204 234 1284 monuit,
259 1203 528 1286 quemadmodum
553 1207 704 1286 paventes
729 1204 925 1286 moriuntur,
947 1225 1015 1268 non
1037 1207 1118 1268 tam·

95 1315 191 1376 quam
211 1297 326 1357 exeant
344 1292 383 1357 de
401 1293 478 1376 vita,
497 1291 552 1356 sed
566 1296 730 1375 tamquam
746 1293 962 1357 extrahantur.
1001 1293 1118 1358 stultos

94 1404 128 1446 se
151 1383 265 1465 fuisse,
289 1381 344 1464 qui
367 1403 434 1446 non
452 1382 606 1465 vixerint,
629 1382 796 1447 clamitant
815 1386 860 1465 et,
884 1382 1027 1447 simodo
1048 1403 1118 1447 eva-

94 1472 193 1536 serint
221 1494 260 1536 01
288 1472 345 1535 illa
368 1470 560 1553 valitudine,
587 1471 621 1534 in
645 1471 711 1535 otio
734 1471 892 1554 victuros3
919 1474 998 1534 tunc
1022 1493 1120 1554 quam

93 1561 213 1625 frustra
245 1561 442 1644 paraverint,
479 1561 594 1643 quibus
627 1582 694 1625 non
726 1560 921 1643 fruerentur,
955 1581 1052 1644 quam
1086 1561 1120 1623 in
1139 1579 1163 1620 15

59 1667 74 1715 a
95 1672 220 1715 cassum
240 1649 344 1713 omnis
364 1650 514 1714 ceciderit
531 1650 638 1732 labor,
661 1650 816 1735 cogitant.
862 1653 895 1713 at
914 1650 1032 1734 quibus
1051 1649 1120 1712 rita

94 1740 208 1823 procul
238 1739 277 1802 ab
309 1739 397 1802 omni
427 1740 558 1823 negotio
587 1739 708 1824 agitur,
740 1737 853 1822 quidni
882 1741 1024 1822 spatiosa
1052 1738 1120 1802 sit?

93 1828 176 1892 nihil
200 1851 240 1892 ex
263 1828 320 1891 illa
344 1828 523 1913 delegatur,
547 1828 629 1890 nihil
653 1829 717 1892 alio
742 1832 839 1912 atque
863 1828 927 1891 alio
947 1828 1119 1913 spargitur,

94 1919 177 1982 nihil
204 1916 279 1982 inde
306 1917 455 1982 fortunae
482 1916 634 1998 traditur,
660 1918 744 1980 nihil
770 1917 976 2003 neglegentia
1000 1916 1123 2000 interit,

94 2008 177 2071 nihil
194 2007 367 2091 largitione
387 2007 579 2089 detrahitur,
598 2006 682 2070 nihil
701 2027 936 2089 supervacuum
955 2009 1017 2071 est:
1041 2008 1119 2089 tota,
1139 2026 1165 2065 ao

95 2100 131 2160 ut
163 2097 209 2159 ita
242 2097 360 2178 dicam,
392 2097 426 2160 in
453 2095 558 2160 reditu
587 2101 644 2160 est.
692 2097 987 2180 quantulacumque
1010 2095 1119 2179 itaque

95 2185 221 2250 abunde
241 2185 372 2268 sufficit,
390 2191 422 2250 01
440 2185 523 2268 ideo,
542 2186 736 2269 quandoque
755 2186 889 2250 ultimus
905 2185 972 2251 dies
987 2187 1119 2266 venerit,

94 2297 160 2340 non
191 2275 396 2341 cunctabitur
426 2275 553 2360 sapiens
583 2277 629 2339 ire
658 2277 698 2339 ad
726 2280 864 2341 mortem
892 2279 979 2340 certo
1009 2275 1118 2361 gradu.

60 2385 73 2432 1
188 2363 260 2429 Xll.
297 2363 430 2442 Quaeris
467 2365 617 2448 fortasse,
655 2385 735 2448 quos
773 2369 947 2449 occupatos
985 2363 1121 2429 vocem?

94 2477 161 2521 non
189 2459 238 2519 est
266 2455 352 2538 quod
380 2477 431 2520 me
460 2456 546 2520 solos
570 2458 665 2540 putes
689 2455 808 2537 dicere,
837 2476 918 2539 quos
942 2477 961 2519 a
984 2454 1121 2518 basilica
1139 2473 1164 2514 aa

94 2544 220 2610 inmissi
249 2544 376 2609 demum
404 2566 498 2610 canes
528 2545 661 2627 eiciunt,
690 2565 770 2628 quos
800 2547 855 2609 aut
883 2545 917 2608 in
946 2566 1004 2608 sua
1031 2543 1120 2607 vides

94 2635 189 2699 turba
212 2633 389 2719 speciosius
413 2634 490 2699 elidi
513 2637 569 2699 aut
593 2634 627 2697 in
650 2633 755 2698 aliana
778 2634 1010 2717 contemptius,
1039 2654 1120 2717 quos

96 2725 204 2790 officia
223 2723 371 2788 domibus
392 2724 457 2789 11111
478 2727 623 2806 evocant,
641 2726 677 2786 ut
697 2723 810 2788 alienis
829 2722 953 2789 foribus
974 2723 1122 2804 inlidunt,

94 2819 150 2879 0111
176 2815 270 2878 hasta
295 2814 452 2897 praetoris
476 2813 590 2877 infami
612 2813 703 2877 lucro
728 2816 760 2878 at
785 2813 978 2897 quandoque
1002 2835 1122 2896 suppu-

60 2908 204 2970 2raturo
233 2907 366 2968 exercet.
414 2903 615 2987 quorundam
644 2902 747 2966 otium
776 2906 969 2987 occupatum
998 2905 1059 2966 est:
1088 2903 1122 2964 in
1142 2921 1167 2960 00

94 2993 174 3057 villa
201 2996 257 3056 aut
285 2992 319 3056 in
346 2993 430 3058 10010
459 3013 531 3075 suo,
563 2991 597 3055 in
625 2991 730 3056 media
758 2991 946 3075 solitudine,
975 2991 1121 3075 quamvis

185 3187 202 3242 8
222 3205 251 3242 10
269 3206 290 3242 s.
306 3207 329 3244 o.
345 3189 408 3242 add.
424 3187 466 3243 A²
479 3188 488 3258 ll
507 3186 524 3241 9
540 3188 640 3241 ettam
656 3187 723 3258 oolp.
740 3187 798 3242 etia
812 3188 840 3242 A
858 3185 868 3256 11
887 3185 922 3240 13
938 3185 988 3254 qni
1004 3184 1123 3255 Madoip

95 3262 129 3313 111
142 3261 169 3314 Α
187 3260 198 3331 l]
215 3260 250 3313 15
271 3262 395 3313 ineasum
410 3260 452 3314 A¹
471 3260 587 3314 alteram
607 3275 619 3312 1
637 3276 658 3313 s.
673 3275 698 3313 o.
713 3258 777 3314 add.
792 3264 824 3312 ut
836 3258 892 3312 oid.
905 3257 949 3313 A²
967 3260 977 3329 11
994 3256 1030 3310 2⁶3
1049 3254 1122 3310 solos

95 3331 164 3401 culp.
184 3332 259 3384 aolus
274 3333 300 3385 A
321 3348 368 3384 001
387 3330 460 3385 10101
480 3331 560 3386 malit
576 3329 658 3384 Gertz
677 3335 680 3399 l
702 3329 840 3383 abasilica
853 3331 881 3384 A
901 3327 986 3399 (quod
1000 3327 1124 3394 defendit

97 3404 129 3456 P.
153 3403 271 3457 Tharrias
295 3404 353 3456 coll.
375 3404 452 3472 epist.
476 3405 539 3469 122,
554 3407 600 3456 16:
627 3417 644 3454 a
666 3399 768 3456 balneo
793 3400 893 3470 exisse)
918 3415 933 3453 0
957 3398 988 3451 b·
1013 3399 1096 3454 Gertz
1113 3398 1124 3472 11

85 3472 130 3524 28
145 3472 258 3540 domib;
272 3474 299 3528 A
319 3474 367 3529 aad
386 3490 453 3529 corr.
469 3474 534 3540 fort.
549 3491 584 3527 m.
600 3478 616 3527 1
631 3489 664 3526 ex
682 3471 792 3538 homib3
814 3472 818 3542 Ι
840 3473 961 3527 enecant
974 3470 1018 3526 A⁶
1031 3487 1061 3524 se
1074 3485 1123 3522 uo-

72 3543 146 3591 cant
163 3550 201 3596 ut
216 3545 272 3599 aad
288 3546 319 3601 A
328 3546 336 3578 ¹
351 3546 367 3621 [J
382 3545 421 3604 20
440 3548 495 3603 aut
515 3545 580 3604 add.
598 3543 716 3617 Madotq
736 3559 806 3614 quos
824 3555 842 3597 ς
