2438 3846
96 153 159 218 192
290 150 321 205 L.
336 148 478 203 ANNAEI
497 147 662 203 SENECAE
681 147 776 202 ulau.
791 145 859 201 LIB.
874 144 921 201 VI.

94 295 286 379 quocivilia
303 295 390 360 bella
408 293 551 376 deflevit,
570 315 633 377 quo
654 293 883 377 proscribentis
901 292 936 356 in
952 295 1122 358 aeternum

93 385 162 468 ipse
193 384 396 468 proscripsit,
429 384 484 448 sed
516 387 607 447 tanto
640 383 785 465 elatiore,
818 384 939 466 quanto
970 383 1020 446 est
1049 380 1123 466 ipse

58 491 74 540 s
93 472 277 557 sublimior,
300 473 418 539 dicere:
441 472 514 538 ‘cur
535 475 583 555 to,
604 472 687 555 filia,
708 476 775 536 tarn
794 471 894 556 longa
910 473 999 536 tenet
1016 468 1122 558 aegri·

93 562 195 627 tudo?
232 584 289 628 cur
311 563 346 627 in
364 566 455 627 tanta
473 561 540 625 veri
557 560 761 646 ignoratione
779 561 916 625 versaris
921 608 931 644 ,
953 564 991 625 ut
1008 559 1122 643 inique

93 654 201 716 actum
225 673 299 718 cum
322 651 391 715 filio
410 655 467 714 tuo
486 649 621 733 iudices,
645 649 732 733 quod
750 650 877 735 integro
897 648 1012 714 domus
1031 651 1122 714 statu
1151 669 1163 711 s

92 740 217 825 integer
239 741 359 826 ipsese
377 739 417 805 ad
436 738 573 803 maiores
592 739 713 823 recepit
731 737 829 803 suos?
865 738 968 804 nescis
989 737 1121 822 quantis

92 829 224 895 fortuna
246 829 397 914 procellis
425 827 584 893 disturbet
611 826 741 894 omnia?
780 850 878 911 quam
905 827 1003 892 nullis
1030 827 1122 893 beni·

93 940 191 1004 gnam
210 918 401 1002 facilemque
421 938 455 982 se
473 917 683 1003 presentent,
701 917 764 981 nisi
778 917 836 1001 qui
853 917 1025 982 minimum
1043 937 1120 986 cum

92 1007 150 1073 illa
179 1005 426 1073 contraxerant?
474 1028 607 1094 regesne
634 1007 695 1072 tibi
721 1007 886 1071 nominem
914 1004 1120 1072 felicissimos

91 1096 233 1181 futuros,
259 1097 287 1162 si
309 1096 467 1161 maturius
490 1096 564 1161 illos
588 1116 675 1161 mors
693 1096 888 1160 instantibus
907 1095 1122 1162 subtraxisset
1139 1121 1165 1162 ro

93 1185 208 1251 malis?
247 1209 289 1250 an
312 1182 477 1251 Romanos
501 1185 613 1268 duces,
635 1207 773 1269 quorum
796 1183 880 1249 nihil
903 1183 1121 1270 magnitudini

93 1274 209 1357 deerit,
240 1276 269 1340 si
297 1275 420 1360 aliquid
450 1274 548 1339 aetati
578 1273 774 1339 detraxeris?
826 1295 869 1337 an
897 1272 1120 1339 nobilissimos

92 1364 179 1430 viros
203 1364 462 1448 clarissimosque
486 1363 526 1429 ad
549 1364 650 1429 ictum
673 1363 821 1428 militaris
843 1362 932 1448 gladi
950 1361 1121 1447 conposita

58 1453 215 1521 acervioe
246 1452 417 1519 curvatos?
462 1453 585 1537 respice
614 1457 739 1536 patrem
767 1457 864 1536 atque
892 1473 988 1516 avum
1010 1455 1121 1517 tuum:

92 1542 148 1608 iile
176 1543 210 1607 in
233 1542 329 1607 alieni
351 1543 549 1627 percussoris
573 1542 662 1606 venit
684 1542 867 1626 arbitrium3
895 1562 955 1627 ego
978 1540 1062 1606 nihil
1084 1541 1121 1607 in
1138 1566 1165 1607 rs

93 1653 144 1698 me
167 1631 318 1715 cuiquam
337 1631 470 1716 permisi
488 1635 521 1696 et
539 1629 611 1696 cibo
630 1630 813 1715 prohibitus
833 1631 960 1696 ostendi
977 1630 1001 1713 †
1019 1651 1120 1714 quam

93 1742 211 1807 magno
236 1743 287 1787 me
310 1743 408 1805 quarn
431 1719 524 1784 uibar
546 1720 654 1799 animo
678 1720 852 1804 scripsisse.
891 1741 949 1784 our
966 1720 1002 1784 in
1019 1719 1119 1785 domo

92 1814 204 1875 nostra
227 1810 407 1875 diutissime
429 1809 560 1895 lugetur
583 1809 639 1894 qui
661 1809 846 1875 felicissime
866 1807 1025 1874 moritur?
1066 1830 1120 1876 co·

92 1899 176 1964 imus
205 1921 315 1965 omnes
345 1900 380 1964 in
407 1921 508 1964 unum
531 1897 740 1982 videmusque
763 1922 831 1964 non
852 1900 919 1964 alta
941 1902 1036 1965 nocte
1059 1899 1121 1965 eir·

93 1988 235 2053 cumdati
253 1989 301 2052 nil
319 1991 398 2072 aput
416 2009 488 2071 vos,
507 1991 543 2051 ut
557 1989 692 2073 putatis,
712 1989 866 2074 optabile,
884 1988 932 2053 nil
945 1989 1121 2073 excelsum,
1138 2012 1165 2054 so

92 2077 140 2140 nil
163 2076 381 2161 splendidum,
404 2077 460 2141 sed
482 2077 618 2141 humilia
641 2082 757 2143 cuncta
780 2082 813 2142 et
835 2078 947 2163 gravia
967 2081 999 2142 et
1022 2078 1120 2144 anxia

182 2303 360 2360 telatiorem
375 2306 439 2363 AF
452 2305 463 2377 11
482 2305 593 2360 hteuet
609 2323 631 2362 s.
646 2323 670 2362 o.
685 2307 749 2362 add.
764 2305 807 2361 A¹
825 2304 907 2376 (Au)
929 2305 943 2390 Η
967 2304 1119 2377 hintegro

94 2375 193 2430 domus
217 2377 295 2431 statu
318 2377 432 2432 Fickert
456 2378 515 2432 inte
542 2377 641 2432 domus
664 2379 756 2432 status
775 2378 839 2432 AF
858 2376 868 2449 Η
891 2377 1038 2449 ssrnteger
1055 2377 1119 2448 ipse

94 2463 123 2501 se
149 2446 186 2501 ad
211 2449 308 2503 Haase
337 2448 396 2505 inte
424 2448 485 2518 ipse
513 2448 550 2502 ad
573 2451 601 2504 A
630 2448 641 2532 d
669 2449 828 2503 Smimum
847 2448 890 2504 Αι
915 2449 988 2518 quod
1016 2450 1120 2520 liaeota

92 2535 175 2587 super
192 2519 291 2574 addita
308 2521 457 2575 correcrhsc
474 2521 530 2575 oid.
549 2522 582 2575 r'h
604 2521 751 2574 minimum
767 2520 810 2576 A⁶
826 2521 837 2593 lt
858 2521 876 2575 e
894 2523 1077 2576 contraxerat
1090 2523 1119 2577 A

93 2606 162 2646 corr.
187 2592 284 2645 Merret
306 2591 478 2646 contraxerit
496 2592 527 2646 F
550 2590 561 2661 lt
588 2590 624 2645 1⁰
651 2591 823 2646 instantibus
846 2604 864 2645 ς
894 2591 1036 2646 stantibus
1062 2594 1091 2647 A
1108 2593 1120 2666 ΙΙ

94 2660 130 2715 14
157 2663 286 2716 curvatos
310 2663 446 2718 Schultess
471 2669 497 2717 et
519 2679 566 2732 ego
589 2665 699 2730 pariter
725 2663 861 2717 formatos
884 2664 913 2720 A
945 2661 1118 2718 deformatos

96 2731 178 2787 Gertz
200 2732 210 2804 tt
235 2732 270 2786 16
293 2735 405 2788 ostendi
431 2737 517 2803 quain
541 2732 625 2787 uibar
647 2733 741 2789 animo
766 2733 911 2790 scribsisse
924 2735 967 2790 A¹
981 2741 1119 2803 prmctrcm

93 2819 181 2872 supro
209 2821 238 2857 m
269 2805 301 2858 ia
333 2821 418 2874 quarn
445 2807 542 2874 poerit
567 2803 610 2860 A¹
638 2807 732 2874 iraque
758 2807 926 2876 significavit
955 2812 1017 2875 poet
1046 2808 1119 2861 harre

93 2890 181 2929 vocem
217 2877 365 2932 tremendo
396 2894 451 2933 esse
483 2877 539 2932 tria
569 2877 652 2931 acrba
690 2892 793 2946 magno
826 2895 879 2933 me.
927 2893 1013 2946 quam
1047 2894 1118 2946 quac

93 2946 125 2999 ia
159 2963 245 3016 marg.
273 2948 421 3017 adscripsit
451 2947 564 3002 osteudi
595 2951 655 3001 tam
681 2964 785 3018 magno
813 2965 858 3004 me
887 2965 971 3017 quam
999 2947 1119 3004 videbar

94 3015 189 3071 animo
215 3017 360 3086 scripsisse
378 3020 476 3074 Haase
505 3019 628 3085 ostendi,
655 3019 734 3087 quali
759 3019 888 3086 videbar,
915 3021 1009 3074 animo
1032 3023 1117 3090 (met)

94 3087 239 3155 scripsisse
268 3090 388 3160 Madvig
417 3091 514 3145 reiecto
546 3091 735 3146 additamento
764 3091 916 3162 marginali
950 3093 1001 3146 ost.
1030 3108 1116 3160 quam

94 3174 197 3229 magno
215 3175 261 3214 me
279 3163 339 3214 tam
357 3158 482 3215 infausto
501 3177 545 3214 an.
562 3177 613 3215 scr.
631 3161 713 3218 Gertz
739 3161 802 3217 cibo
821 3161 964 3232 prohibito
984 3165 1036 3218 ost.
1056 3166 1116 3218 tum

94 3246 197 3300 magno
216 3248 262 3286 me
280 3248 365 3301 quam
383 3231 485 3286 utebar
504 3248 548 3286 cn,
565 3250 616 3287 scr.
631 3233 767 3290 Schultess
792 3237 843 3288 ost.
862 3235 923 3288 tam
946 3250 1050 3304 magno
1071 3251 1117 3290 me

95 3318 180 3371 quam
198 3302 327 3358 vivebam
346 3305 440 3358 snimo
460 3305 595 3372 erepsisse
610 3307 771 3376 Petschenig
793 3308 845 3360 ost.
859 3308 920 3360 tam
938 3322 1042 3377 magno
1062 3324 1116 3373 me,

56 3429 60 3435 ,
93 3376 154 3430 tam
168 3373 258 3429 libero
273 3376 366 3430 animo
382 3392 467 3444 quam
482 3377 649 3445 scripseram
663 3377 766 3431 vixisse
780 3379 813 3431 P.
827 3379 952 3433 ihomas.
980 3386 1117 3448 exspecto:

94 3448 146 3500 ost.
170 3448 229 3501 tem
255 3462 358 3516 magno
384 3463 429 3501 me
455 3464 540 3516 quam
565 3448 684 3502 videbar
711 3449 806 3503 animo
834 3448 979 3517 scripsisse
1006 3451 1116 3520 chiam)

72 3517 192 3578 perr'sse
208 3519 271 3572 scm.
290 3519 308 3590 fl
325 3517 366 3574 20
383 3518 533 3595 optabilefs
550 3521 725 3592 (erae.1ri)A
