2438 3846
229 181 280 236 AD
300 180 469 237 MARCIAM
487 181 536 235 DE
556 179 834 237 CONSOLATIONE
854 179 931 236 GAP.
948 187 981 235 10
1051 183 1115 250 163

96 328 270 413 spiciamus
299 330 465 410 tamquam
495 325 579 392 inter
606 331 719 392 nostra
748 326 859 411 positi:
889 331 1002 392 mutua
1029 349 1116 393 acce·

94 419 210 503 pimus.
257 437 335 480 usus
361 416 549 499 fructusque
572 420 681 482 noster
704 421 765 500 est,
794 416 885 481 cuius
908 423 1037 501 tempus
1060 417 1115 482 ille

96 506 215 572 arbiter
237 506 378 571 muneris
401 505 452 570 sui
474 508 647 590 temperat,
668 526 728 570 nos
752 509 881 589 oportet
903 506 939 569 in
961 510 1115 590 promptu

94 594 215 661 habere
239 615 321 678 quae
348 594 436 678 <in>
464 594 623 658 incertum
647 594 731 659 diem
755 595 830 658 data
852 597 930 660 sunt
951 598 985 659 et
1007 596 1115 678 appel-

63 705 76 745 ι
94 685 180 750 latos
203 683 271 748 sine
294 683 437 768 querella
458 683 602 749 reddere:
625 684 757 768 pessimi
776 683 930 749 debitoris
950 687 998 749 est
1017 683 1115 750 credi·

94 773 160 838 tori
189 773 294 839 facere
323 772 514 837 convicium.
565 794 675 838 omnes
706 794 783 859 ergo
811 777 954 856 nostros,
978 775 1010 838 et
1033 791 1151 856 quoae

95 863 284 947 superstites
312 862 384 948 lege
413 861 564 928 nascendi
595 866 743 947 optamus
768 866 800 927 et
823 883 904 946 quos
927 861 1116 946 praecedere

95 952 307 1017 iustissimum
336 950 482 1034 ipsorum
510 954 624 1017 votum
653 955 714 1035 est,
745 951 791 1016 sic
821 973 927 1016 amare
954 951 1117 1036 debemus,

94 1045 260 1126 tammam
289 1040 373 1104 nihil
401 1041 494 1106 nobis
524 1040 564 1105 de
591 1041 819 1125 perpetuitate,
847 1041 947 1105 immo
970 1041 1054 1105 nihil
1077 1041 1116 1105 de

49 1148 76 1189 ιο
95 1130 306 1195 diuturnitate
329 1151 440 1195 eorum
462 1130 658 1214 promissum
682 1131 733 1195 sit
779 1151 873 1213 saepe
895 1130 1115 1195 admonendus

95 1223 144 1285 est
173 1220 314 1302 mimus,
342 1222 428 1284 amet
462 1223 499 1284 ut
529 1240 706 1302 recessura,
737 1220 837 1284 immo
869 1223 1036 1303 tamquam
1069 1242 1115 1285 re-

95 1309 252 1374 cedentia:
294 1307 447 1392 quiequid
480 1331 500 1373 a
531 1308 661 1374 fortuna
697 1308 809 1374 datum
846 1312 908 1392 est,
949 1313 1115 1393 tamquam

95 1402 245 1484 exempto
277 1401 408 1462 auctore
439 1396 614 1483 possideas.
662 1399 765 1482 rapite
795 1420 835 1463 ex
863 1398 974 1462 liberis
1003 1399 1151 1482 volup-4

91 1491 191 1571 tates,
217 1485 370 1552 fruendos
393 1508 451 1552 vos
474 1487 508 1551 in
531 1487 634 1552 ricem
658 1487 768 1552 liberis
792 1487 866 1552 date
889 1492 922 1552 et
945 1488 1013 1552 sine
1037 1487 1115 1551 dila·

49 1594 76 1634 rs
93 1576 183 1641 tione
207 1598 302 1642 omne
324 1576 478 1664 gaudium
501 1576 641 1660 haurite,
669 1575 754 1641 nihil
776 1576 816 1640 de
838 1576 994 1641 hodierna
1020 1580 1115 1641 nocte

94 1666 297 1750 promittitur
323 1702 366 1713 —
393 1665 490 1730 nimis
518 1686 668 1751 magnam
696 1665 940 1746 advocationem
966 1664 1040 1730 dedi
1062 1701 1116 1749 -,

22 1821 24 1825 .
93 1753 177 1820 nihil
199 1754 238 1820 de
261 1754 323 1821 hac
345 1755 432 1820 hora.
479 1754 696 1820 festinandum
720 1759 782 1839 est,
806 1754 945 1819 instatur
968 1776 987 1818 a
1009 1757 1115 1840 tergo:

94 1843 159 1908 iam
191 1843 355 1909 disicietur
386 1844 447 1909 iste
482 1843 668 1927 comitatus,
704 1843 770 1909 iam
807 1843 1017 1909 contubernia
1054 1844 1116 1908 ista

95 1932 221 1997 sublato
246 1934 385 1998 clamore
409 1934 581 1998 solventur.
618 1933 733 2016 rapina
755 1954 862 1997 rerum
886 1933 1031 1997 omnium
1054 1935 1115 1998 est:

49 2039 76 2080 ao
95 2021 204 2087 miseri
226 2022 357 2088 nescitis
381 2023 415 2087 in
437 2022 516 2109 fuga
538 2021 660 2087 viveret

185 2109 221 2176 si
244 2115 408 2176 mortuum
435 2111 496 2176 tibi
522 2111 627 2176 filium
651 2111 754 2196 doles,
778 2112 846 2177 eius
869 2111 1025 2194 temporis
1049 2129 1152 2194 quos

94 2202 189 2265 natus
220 2203 269 2265 est
298 2201 420 2265 crimen
449 2204 512 2285 est3
541 2221 628 2267 mors
658 2200 744 2265 enim
773 2200 823 2265 illi
850 2199 1038 2265 denuntiata
1060 2222 1115 2264 na·

95 2290 197 2354 acenti
220 2292 281 2373 est,
304 2290 339 2354 in
360 2290 445 2354 hauc
466 2291 572 2376 legem
595 2295 662 2354 erat
684 2294 785 2373 satus,
808 2289 872 2355 hoe
895 2289 988 2354 illum
1011 2288 1114 2356 fatum

95 2378 134 2443 ab
158 2381 250 2443 utero
274 2379 383 2444 statim
406 2379 666 2462 prosequebatur.
704 2380 739 2443 in
761 2400 898 2465 regnum
917 2377 1064 2443 fortunae
1084 2381 1152 2444 eto

49 2483 76 2525 ²⁶
95 2467 225 2551 quidem
249 2468 365 2533 durum
388 2471 485 2552 atque
508 2469 665 2533 invictum
688 2468 906 2552 pervenimus,
927 2466 1014 2532 illius
1033 2467 1115 2532 arbi-

184 2624 201 2679 l
223 2625 311 2695 positi
329 2627 357 2680 A
378 2626 486 2694 positos
505 2627 536 2680 F
557 2625 567 2698 11
590 2624 609 2680 4
631 2641 704 2694 quae
727 2626 757 2678 in
779 2626 919 2680 incertum
938 2625 969 2680 F
985 2630 1010 2679 et
1028 2624 1115 2678 aliis

95 2711 168 2765 quae
186 2697 324 2751 incertum
338 2697 366 2752 A
384 2697 394 2770 11
411 2696 430 2752 t
448 2713 518 2765 quos
536 2696 701 2780 superstites
716 2709 733 2752 s
751 2697 826 2765 quod
845 2713 871 2750 s·
885 2698 913 2751 A
931 2695 977 2768 118
994 2695 1116 2750 iustissi-

94 2780 172 2822 mum
185 2768 310 2838 ipsorum
323 2771 423 2822 uotum
437 2781 454 2823 s
472 2769 642 2823 iustissimus
656 2769 782 2838 ipsorum
795 2768 906 2823 uoltum
920 2769 948 2823 A
963 2767 973 2840 11
989 2767 1023 2822 11
1039 2770 1118 2822 amet

94 2842 128 2893 ut
152 2852 331 2895 recessurus
358 2843 454 2895 ametu
480 2840 529 2895 ire.
558 2856 671 2895 cessura
689 2842 718 2896 A
744 2838 754 2913 11
785 2839 821 2895 18
843 2841 973 2910 exempto
1000 2840 1116 2894 auctore

96 2911 215 2983 Madvip
241 2911 399 2982 exemplum
425 2914 540 2967 anctore
558 2914 586 2969 A
614 2911 773 2981 exemplum
797 2910 834 2966 ab
857 2914 972 2966 anctore
992 2911 1023 2966 F
1042 2911 1116 2979 qnod

96 2982 231 3038 Schultess
248 2985 281 3039 in
297 2984 371 3038 tnnc
388 2984 499 3040 niodum
517 2985 649 3054 explicat:
667 2985 782 3039 ‘tibrum
795 2985 844 3053 qni
857 2986 934 3050 enuit,
947 2982 1071 3052 possidet
1083 2985 1115 3036 in

94 3060 270 3124 perpetuum
296 3056 342 3110 cni
366 3055 401 3109 ab
426 3061 538 3110 andere
561 3056 713 3124 exemptum
738 3055 935 3110 commodatum
962 3061 1014 3122 eat,
1039 3054 1116 3109 debet

96 3126 168 3194 qnod
189 3132 331 3182 mntnctns
353 3132 404 3193 est,
426 3127 643 3196 quandocunque
660 3128 705 3182 stes
723 3127 830 3193 libebit,
850 3126 979 3181 reddere?
1016 3141 1114 3193 excep-

94 3199 156 3250 tum
175 3197 284 3252 auctori
304 3197 414 3253 Gronov
438 3200 598 3267 exemptum
622 3198 731 3253 auctori
750 3199 893 3253 Islommer
917 3198 927 3270 11
952 3196 988 3252 14
1008 3213 1060 3251 nos
1080 3213 1116 3252 er

95 3282 160 3322 suos
182 3284 251 3324 corr.
269 3268 325 3324 aid.
344 3271 376 3323 in
393 3270 421 3324 A
445 3269 456 3341 11
480 3268 516 3324 lt
538 3269 755 3324 aduocationem
776 3270 804 3324 A
830 3274 904 3338 (nem
924 3285 945 3324 a.
959 3286 984 3324 v.
999 3268 1063 3324 add.
1078 3286 1112 3323 m.

95 3341 180 3409 1-2)
197 3338 208 3411 11
225 3339 261 3396 18
278 3339 337 3394 iam
356 3340 503 3396 disicietur
516 3355 533 3398 ς
551 3342 610 3394 tam
630 3340 687 3395 dis·
701 3342 729 3396 A
753 3341 757 3411 1
774 3339 810 3395 20
823 3341 919 3404 miseri
932 3341 961 3394 A
977 3339 1115 3394 miseriei
1208 3339 1210 3347 '

95 3409 266 3466 Cornelissen
293 3410 297 3482 1
324 3411 355 3465 in
372 3413 405 3466 a'n
421 3413 482 3486 ipro
499 3428 579 3467 ceren
597 3412 662 3468 add.
678 3410 720 3466 A’
741 3411 745 3482 1
775 3410 810 3466 21
829 3414 922 3466 mortu
935 3411 977 3467 A²
995 3427 1063 3466 corr.
1077 3427 1114 3465 na.

95 3484 178 3607 1-ss
187 3481 198 3554 11
214 3480 250 3608 21
269 3482 401 3608 <ιθιιι1>
421 3483 498 3537 satus
517 3483 652 3538 Schultess
671 3482 755 3537 datus
768 3482 796 3538 A
815 3484 902 3537 natus
918 3489 973 3537 ont
987 3481 1091 3535 edum
1101 3493 1117 3521 s

94 3566 132 3607 na
196 3567 226 3608 es
256 3569 324 3625 cop.

886 3655 945 3712 u*
