2438 3846
305 190 354 246 DE
372 189 437 245 IRA
455 188 523 245 LIB.
538 187 584 244 ΠΙ.
618 186 695 243 OAP.
709 193 753 243 41.
768 193 811 243 42.
826 193 861 243 43
1031 188 1095 254 149

72 337 178 402 media
200 357 287 401 mors
311 336 446 401 dirimet.
484 335 563 420 quid
585 335 820 399 tumultuamur
843 338 876 399 et
895 333 996 399 vitam
1016 332 1131 398 sedi-4

72 427 148 492 tiosi
171 423 422 492 conturbamus?
458 428 523 490 stat
545 446 643 509 supra
665 423 890 509 caputiatum
912 428 945 488 et
962 445 1096 509 pereun-

71 517 114 582 tis
145 515 212 582 dies
242 515 371 600 inputat
399 517 597 600 propiusque
624 536 662 580 ao
689 513 824 599 propius
850 513 986 598 accedit;
1009 512 1096 578 istud

71 609 213 691 tempus,
251 605 338 690 quod
369 604 491 670 alienae
524 604 664 669 destinas
696 604 808 688 morti,
843 604 980 669 fumasse
1011 603 1097 668 circa

39 698 162 760 stuam
185 698 241 760 est.

161 800 276 867 XLIII,
314 800 400 878 Quin
429 801 538 886 potius
562 801 663 866 vitam
689 800 819 866 brevem
847 800 975 887 colligis
998 800 1131 885 placi-1

72 892 210 976 damque
233 895 266 956 et
288 891 349 955 tibi
372 895 404 956 et
427 891 540 956 ceteris
566 890 732 975 praestas?
778 891 857 974 quin
879 891 989 975 potius
1013 912 1097 955 ama·

71 981 170 1046 bilem
207 985 252 1064 te,
290 980 367 1045 dum
399 981 496 1063 vivis,
533 981 695 1064 omnibus,
731 980 987 1064 desiderabilem,
1023 1001 1097 1045 cum

72 1072 258 1154 excesseris,
289 1069 417 1135 reddis?
473 1070 550 1154 quid
580 1069 674 1135 illum
702 1069 800 1134 nimis
828 1092 869 1134 ex
895 1070 969 1135 alto‘
989 1073 1097 1135 tecum

26 1184 55 1224 ro
72 1163 220 1246 agentem
243 1159 409 1224 detrahere
433 1159 546 1244 cupis‘?
584 1159 661 1243 quid
685 1159 778 1224 illum
797 1161 1010 1224 oblatrantem
1028 1159 1097 1243 tibi,

72 1250 227 1314 humilem
251 1248 381 1333 quidem
405 1253 437 1312 et
459 1252 695 1333 contemptum,
718 1248 774 1313 sed
798 1248 1016 1333 superioribus
1035 1249 1098 1314 aci·

73 1338 150 1403 dum
172 1360 210 1404 ac
233 1340 406 1404 molestum
429 1342 571 1403 exterere
594 1339 718 1402 viribus
736 1338 802 1403 tuis
820 1337 982 1422 temptas?
1020 1338 1098 1422 quid

72 1429 179 1513 serto,
209 1428 287 1513 quid
317 1428 462 1511 domino,
492 1428 570 1512 quid
599 1428 683 1514 regi,
710 1426 788 1512 quid
816 1428 926 1494 clienti
952 1431 1009 1493 tuo
1037 1429 1099 1493 ira·

73 1518 192 1582 sceris?
250 1519 372 1583 sustine
404 1518 552 1602 paulum:
588 1518 678 1582 venit
704 1538 778 1582 ecce
810 1539 897 1583 mors
930 1538 1011 1601 quae
1041 1539 1098 1582 vos

27 1628 165 1691 repares
195 1606 300 1672 faciat.
349 1606 454 1671 videre
485 1608 625 1672 solemus
656 1608 739 1671 inter
771 1607 930 1672 matutina
961 1607 1132 1672 harenosa

73 1697 256 1780 spectacula
279 1697 363 1761 tauri
387 1701 420 1760 et
442 1697 509 1760 ursi
532 1718 676 1782 pugnam
697 1697 782 1761 inter
800 1719 833 1761 se
852 1696 1100 1782 conligatum,

73 1806 169 1870 quos,
197 1807 270 1850 cum
295 1786 376 1850 alter
399 1787 536 1850 alterum
559 1790 729 1869 vexarunt,
758 1808 833 1851 suus
858 1785 1024 1852 confector
1046 1808 1098 1851 ex-

73 1878 193 1959 pectat:
230 1874 315 1940 idem
352 1875 502 1960 facimus,
539 1876 679 1959 aliquem
714 1876 883 1941 nobiscum
920 1875 1099 1961 adligatum

72 1964 273 2049 lacessimus,
304 1988 378 2031 oum
408 1967 494 2030 victo
524 1966 703 2049 victorique
726 1965 801 2030 finis
825 1968 857 2029 et
880 1966 1010 2050 quidem
1033 1988 1099 2031 ma-

27 2075 55 2116 so
73 2057 164 2119 turus
201 2055 365 2119 inmineat.
418 2055 519 2138 quieti
550 2055 659 2138 potius
692 2055 863 2138 pacatique
893 2055 1099 2138 quantulum-

73 2164 210 2227 cumque
248 2148 393 2228 superest
430 2144 609 2230 exigamusl
661 2145 744 2208 nulli
780 2143 916 2209 cadaver
951 2148 1099 2210 nostrum

74 2233 176 2297 iaceat
203 2233 357 2298 invisum!
403 2255 497 2317 saepe
527 2233 631 2298 rixam
661 2234 898 2299 conclamatum
924 2233 959 2297 in
980 2234 1133 2299 vicinias

74 2321 257 2388 incendium
295 2322 393 2388 solvit
426 2327 461 2391 et
494 2322 693 2387 interventus
725 2322 811 2387 ferae
842 2322 1001 2388 latronem
1034 2323 1099 2388 via·

74 2415 240 2496 toremque
264 2412 394 2478 diducit.
433 2412 610 2488 conluctari
629 2433 703 2477 oum
722 2412 901 2478 minoribus
920 2413 1014 2479 malis
1032 2435 1099 2478 non

28 2521 55 2562 as
73 2506 180 2584 vacat,
212 2501 268 2566 ubi
300 2505 404 2567 metus
437 2502 540 2566 maior
572 2502 730 2585 apparuit.
789 2501 867 2585 quid
898 2503 992 2567 nobis
1025 2524 1099 2568 curn

74 2589 280 2656 dimicatione
316 2596 349 2656 et
385 2590 532 2656 insidiis?
583 2591 742 2674 numquid
777 2591 917 2675 amplius
955 2591 1010 2656 isti
1047 2592 1099 2658 cui

74 2679 220 2744 irasceris
253 2702 350 2763 quam
382 2683 520 2745 mortem
553 2678 668 2764 optas?
722 2679 819 2744 etiam
851 2684 883 2744 te
916 2681 1099 2763 quiescente

74 2769 237 2833 morietur.
283 2769 391 2853 perdis
419 2790 564 2852 operam,
593 2769 621 2833 ei
642 2769 747 2833 facere
770 2769 819 2832 vis
843 2769 931 2851 quod
954 2770 1099 2835 futurum

75 2861 130 2922 est.
177 2856 285 2921 ‘nolo'
318 2858 426 2942 inquis
459 2856 588 2941 ‘utique
621 2856 779 2941 cocidere,
813 2857 867 2921 sed
900 2859 1012 2942 exilio,
1044 2859 1135 2924 seda

29 2965 56 3006 ao
75 2947 266 3032 ignominia,
290 2947 344 3010 sed
369 2946 486 3011 damno
510 2945 666 3012 adficere?
705 2946 808 3032 magis
828 2947 961 3032 ignosco
981 2949 1024 3032 ei,
1043 2950 1100 3032 qui

164 3137 183 3190 3
201 3137 388 3205 propriusque
402 3139 430 3190 A
448 3137 458 3208 11
477 3137 510 3191 11
531 3140 560 3192 et
573 3141 767 3206 contemptum
780 3140 809 3194 A
829 3142 914 3208 atque
934 3139 1100 3208 despectum

75 3209 102 3262 L
115 3208 126 3279 tt
139 3207 174 3262 12
189 3210 314 3262 exterere
328 3209 426 3263 Muret
445 3209 505 3276 (cfr.
521 3209 587 3264 dial.
604 3211 635 3264 X
649 3215 693 3276 13,
703 3212 731 3280 6)
748 3212 887 3266 exterrere
902 3211 962 3265 AL
979 3210 990 3282 11
1008 3210 1043 3264 15
1056 3211 1099 3265 ui-

76 3278 142 3333 dere
156 3281 184 3335 A
207 3279 300 3334 ridere
322 3280 400 3350 voto..
411 3281 477 3335 inde
498 3298 516 3334 a
534 3280 645 3336 Murato
670 3283 673 3352 ι
698 3282 803 3354 harene
821 3285 849 3337 A
871 3287 897 3353 (e
915 3283 948 3337 ia
965 3299 1020 3338 ros.
1034 3283 1098 3350 sort.

75 3369 109 3405 cr.
126 3353 152 3422 1)
175 3351 185 3424 tt
208 3351 242 3407 17
261 3356 349 3406 uexai·
366 3353 384 3405 i.
401 3368 420 3406 e.
439 3356 578 3407 uexerunt
594 3354 622 3408 A
641 3359 666 3408 et
683 3354 710 3408 L
728 3353 838 3408 vexarit
855 3355 924 3426 oolq.
947 3354 957 3427 t}
982 3354 1018 3410 18
1037 3353 1100 3409 alli-

75 3427 175 3494 gatum
193 3440 261 3480 corr.
276 3441 310 3479 ex
329 3423 383 3478 atl-
399 3425 476 3479 ΑΙ·2
494 3425 504 3497 Η
522 3424 558 3479 22
575 3425 606 3479 in
624 3425 731 3481 uicinia
750 3428 777 3482 L
795 3427 826 3480 in
843 3426 949 3482 uicinis
964 3428 992 3483 A
1011 3427 1040 3483 in

76 3495 139 3549 cino
162 3497 230 3567 eolo.
250 3497 301 3563 cfr.
321 3496 388 3550 dial.
408 3497 458 3551 IX
476 3502 545 3565 11,7
570 3497 582 3569 [l
604 3497 640 3553 28
663 3514 783 3568 operam
797 3498 828 3554 si
847 3500 944 3553 Hense
958 3499 1040 3550 tnta

76 3568 114 3621 cd
132 3584 173 3622 me
190 3569 279 3636 datia·
296 3583 397 3638 operas
413 3570 473 3628 AL
494 3587 616 3643 operam
633 3585 650 3627 ς
