2438 3846
115 175 180 242 120
315 173 346 229 L.
360 172 503 228 ANNAEI
521 171 686 232 SENECAE
705 171 801 226 DIAL.
816 171 884 228 LIB.
901 169 932 226 V.

79 334 93 385 1
203 318 257 385 XI.
294 318 372 385 Non
406 318 535 405 expedit
571 317 681 384 omnia
715 317 836 401 ridere,
873 319 983 384 omnia
1016 319 1135 384 audire.

113 410 234 476 multae
255 431 315 475 nos
333 409 469 474 iniuriae
487 412 665 491 transeant,
687 408 862 494 exquibus
880 409 1051 492 plerasque
1069 429 1136 474 non

114 499 231 584 accipit
255 499 312 584 qui
333 498 444 565 nescit.
490 520 557 564 non
579 498 629 563 vis
652 519 721 564 esse
748 497 942 564 iracundus?
968 521 1009 564 ne
1035 498 1135 564 fueris

114 590 269 655 curiosus.
316 588 372 672 qui
393 587 531 673 inquirit
553 586 689 671 quid-in
712 609 746 654 se
769 587 891 654 dictum
915 587 971 671 sit,
995 588 1052 672 qui
1069 610 1136 653 ma·

113 678 220 764 lignos
244 698 421 762 sermones,
443 677 539 742 etiam
564 678 592 743 si
611 680 733 742 secreto
751 676 855 742 habiti
873 679 961 760 sunt,
985 678 1081 761 eruit,
1101 698 1135 743 se
1170 696 1183 738 s

113 768 183 853 ipse
205 767 372 853 inquietat.
418 766 575 851 quaedam
597 766 818 852 interpretatio
849 788 886 832 eo
914 765 1074 852 perducit,
1098 770 1135 832 ut

113 857 283 923 rideantur
304 857 453 922 iniuriae:
477 857 585 940 itaque
608 856 672 921 alia
694 855 869 921 differenda
889 860 978 940 sunt,
1001 856 1065 921 alia
1083 856 1135 920 de-

77 946 259 1032 aridenda,
282 947 346 1011 alia
369 944 525 1011 donanda.
572 944 863 1012 circumscribenda
890 946 1001 1012 multis
1029 945 1134 1011 modis

114 1037 162 1102 ira
184 1040 246 1120 est3
268 1037 422 1122 pleraque
441 1036 601 1101 inlusum
620 1036 792 1120 iocumque
810 1038 985 1100 vertantur.
1023 1033 1136 1101 Socra-

113 1129 168 1192 ten
187 1126 278 1191 aiunt
295 1124 434 1210 colapho
449 1145 636 1210 percussum
649 1125 733 1190 nihil
746 1125 886 1209 amplius
901 1125 1019 1191 dixisse
1039 1146 1141 1208 quam·
1156 1143 1183 1183 1⁰

113 1216 286 1282 molestum
310 1235 392 1300 esse,
420 1214 506 1299 quod
528 1214 689 1281 nescirent
716 1214 876 1298 homines,
905 1215 1033 1298 quando
1062 1235 1135 1280 cum

77 1306 206 1392 agalea
233 1303 362 1391 prodire
389 1304 548 1370 deberent.
584 1326 652 1369 non
679 1303 950 1389 quemadmodum
978 1304 1064 1369 facta
1094 1305 1137 1369 sit

113 1395 232 1460 inimic
253 1394 363 1478 refert,
387 1393 443 1461 sed
462 1393 733 1478 quemadmodum
750 1395 830 1478 lata3
847 1415 908 1460 nec
924 1393 1018 1459 uideo
1038 1415 1137 1478 quare

113 1484 257 1551 difficilis
280 1485 323 1551 sit
344 1484 537 1568 moderatio,
560 1504 635 1550 cum
658 1484 757 1550 sciam
775 1487 988 1569 tyrannorum
1007 1504 1137 1569 quoque

112 1574 238 1640 tumida
260 1577 293 1640 et
319 1573 450 1640 fortuna
479 1577 512 1639 et
539 1573 672 1640 licentia
697 1573 828 1660 ingenia
849 1572 1047 1644 ,familiarem
1075 1573 1138 1638 sibi
1156 1591 1183 1632 1⁶

77 1664 281 1730 esaeritiam
303 1665 500 1749 repressisse.
541 1661 747 1729 Pisistratum
768 1666 868 1747 certo,
890 1661 1137 1728 Atheniensium

113 1756 300 1838 tyrannum,
323 1753 497 1820 memoriae
516 1752 680 1838 proditur,
702 1773 776 1819 cum
795 1753 898 1817 multa
915 1753 950 1816 in
968 1751 1137 1818 crudelita-

114 1847 180 1909 tem
198 1843 267 1909 eiua
286 1844 392 1909 ebrius
412 1843 549 1910 conviva
563 1842 697 1907 dixisset
708 1863 769 1907 nec
787 1842 933 1908 deessent
947 1842 1004 1926 qui
1017 1842 1138 1908 vellent

114 1955 227 1998 manus
250 1933 282 1998 ei
304 1933 521 2017 commodare,
549 1935 583 1997 et
610 1932 692 1997 atius
719 1931 796 1997 hinc
823 1932 906 1997 alius
932 1931 1024 1998 iilinc
1051 1930 1137 1996 faces

114 2022 300 2106 subderent,
329 2022 456 2106 placido
487 2021 596 2087 animo
628 2021 742 2087 tulisse
773 2024 806 2086 et
834 2021 898 2087 hoc
929 2020 1136 2086 imitantibus
1156 2038 1183 2078 ¹⁰

114 2110 331 2196 respondisse,
352 2133 420 2177 non
442 2111 545 2198 magis
570 2110 620 2175 illi
638 2132 672 2176 se
690 2131 874 2177 suscensere
898 2131 996 2194 quam
1017 2110 1045 2176 si
1063 2111 1137 2195 quis

115 2201 266 2288 obligatis
291 2201 394 2267 oculis
417 2201 452 2265 in
475 2223 508 2267 se
530 2201 725 2266 incurrisset.

79 2303 94 2352 1
203 2288 274 2356 XII.
311 2289 431 2377 Magna
456 2312 531 2375 pars
559 2290 717 2375 querellas
745 2311 844 2355 manu
870 2289 948 2355 fecit
976 2292 1034 2355 aut
1056 2289 1139 2355 falsa

115 2379 307 2465 suspicando
322 2384 379 2446 aut
391 2380 477 2447 levia
490 2379 705 2467 adgravando.
741 2400 836 2464 saepe
850 2380 891 2444 ad
903 2401 964 2445 nos
978 2380 1026 2444 ira
1039 2379 1137 2462 venit,

115 2470 242 2556 saepius
265 2491 325 2536 nos
348 2470 390 2536 ad
412 2470 511 2536 illam.
557 2491 640 2555 quae
662 2490 840 2555 numquam
865 2468 1053 2535 arcessenda
1076 2471 1137 2552 est3
1157 2485 1184 2526 ¹⁵

79 2561 212 2626 aetiam
244 2580 319 2626 cum
351 2560 478 2645 incidit,
509 2560 672 2625 reiciatur
714 2579 810 2624 nemo
843 2557 923 2623 dicit
954 2557 1029 2624 sibi:
1060 2557 1137 2624 ‘hoc

115 2648 354 2734 propterquod
376 2650 498 2716 irascor
520 2651 576 2715 aut
597 2649 661 2715 feci
681 2649 739 2713 aut
760 2647 874 2713 fecisse
897 2647 1018 2733 potui'3
1040 2669 1136 2714 nemo

115 2739 258 2805 animum
285 2738 447 2821 facientis,
480 2738 535 2805 sed
561 2738 670 2823 ipsum
698 2739 857 2803 aestumat
883 2737 1019 2803 factum:
1047 2738 1137 2821 atqui

115 2827 172 2893 ille
193 2827 367 2894 intuendus
389 2831 453 2911 est,
475 2827 613 2893 voluerit
636 2850 678 2894 an
700 2825 862 2911 inciderit,
885 2831 1016 2893 coactus
1036 2827 1138 2892 sitan

115 2916 279 3001 deceptus,
303 2918 415 2984 odium
434 2920 562 2984 secutus
585 2917 628 2984 sit
651 2939 693 2983 an
714 2917 907 3002 praemium,
931 2915 993 2982 sibi
1016 2937 1138 2981 morem
1158 2934 1186 2974 ao

115 3005 250 3092 gesserit
272 3029 314 3072 an
336 3028 469 3072 manum
492 3006 586 3072 alteri
609 3004 867 3073 commodaverit.
907 3005 1030 3089 aliquid
1051 3008 1138 3071 aetas

115 3095 278 3179 peccantis
301 3096 392 3179 facit,
422 3094 546 3180 aliquid
575 3094 718 3180 fortuna,
747 3100 784 3161 ut
813 3096 897 3161 ferre
927 3116 965 3161 ac
991 3095 1060 3178 pati
1083 3097 1140 3159 aut

205 3269 223 3325 9
241 3269 378 3325 Socraten
391 3269 434 3326 Αι
451 3270 595 3328 Socraten
608 3272 650 3328 A³
663 3274 673 3345 Η
689 3270 876 3328 lacerarent
893 3273 934 3342 (re
951 3287 973 3328 a.
988 3271 1025 3342 c.)
1039 3271 1117 3325 ΑΜ
1129 3267 1141 3343 {t

115 3341 152 3397 18
178 3342 304 3399 duxisset
324 3343 367 3399 Αὓ
427 3341 462 3398 21
487 3360 648 3400 suscensere
669 3345 711 3401 Α]
738 3343 903 3418 susscemere
922 3343 966 3399 A⁶
990 3346 1052 3415 (acet
1073 3341 1138 3409 sort.

108 3417 204 3482 suec)
215 3415 233 3486 ))
248 3414 286 3470 28
304 3430 391 3489 qupre
448 3414 491 3470 A*
506 3414 517 3488 ΙΙ
534 3415 571 3472 28
587 3417 730 3473 aestumat
743 3415 793 3484 Αἱ,
806 3415 856 3472 scd
867 3432 887 3469 u
900 3416 932 3471 ia
945 3416 956 3470 i
970 3431 1039 3471 corr.
1051 3414 1115 3473 rad.
1129 3414 1140 3487 Η

75 3477 137 3597 ³20,
146 3486 334 3611 ἶῖιῖτρέἰηω
347 3487 379 3543 A
384 3486 397 3519 ⁶
408 3487 582 3563 inpromium
597 3488 639 3546 Αι
651 3487 711 3563 1182
725 3503 759 3543 ac
772 3487 835 3558 pati
848 3487 917 3559 culp.
931 3486 998 3543 inde
1011 3504 1030 3542 a
1040 3486 1139 3558 Lipsio

208 3571 221 3605 1
