2438 3846
124 167 191 236 200
259 116 261 120 Ι
316 163 347 219 L.
361 162 504 219 ANNAEI
521 161 686 218 SENECAE
704 161 882 219 unusne,
896 160 956 218 VII.

88 309 203 378 eboni
223 308 354 375 veniens
378 302 416 374 ao
438 307 611 374 recedens?
645 306 734 374 hunc
755 307 802 372 ita
823 308 994 373 fundatum
1016 329 1149 374 necesse

124 403 187 486 est,
214 398 293 464 velit
319 397 415 481 nolit,
443 401 597 482 sequatur
622 397 769 463 hilaritas
792 397 947 463 continua
969 400 1002 463 et
1022 397 1150 464 laetitia

124 491 191 555 alta
220 492 317 573 atque
347 509 387 553 ex
417 487 484 552 alto
512 488 659 570 veniens,
688 487 810 570 utqui
837 487 904 552 suis
926 486 1065 573 gaudeat
1087 509 1149 554 nec

124 578 247 643 maiora
270 575 455 642 domesticis
476 576 594 661 cupiat.
632 575 745 661 quidni
762 576 825 640 ista
842 575 933 669 bene
941 580 1055 661 penset
1072 596 1149 642 cum

123 665 258 732 minutis
289 668 322 731 et
350 665 476 730 frivolis
504 668 538 729 et
564 685 631 729 non
657 665 935 748 perseverantibus
963 665 1149 750 corpusculi
1180 687 1192 728 a

123 753 287 821 motibus?
337 775 402 838 quo
435 752 486 819 die
515 753 600 818 infra
629 753 830 838 voluptatem
859 752 970 837 fuerit,
999 757 1033 820 et
1061 753 1149 819 infra

123 845 266 910 dolorem
297 842 371 928 erit;
398 841 488 908 vides
511 846 632 926 autem,
661 863 758 926 quam
781 843 900 908 malam
923 846 956 908 et
978 842 1148 908 noxiosam

124 932 312 1001 servitutem
342 932 519 998 serviturus
543 932 598 1015 ait,
622 952 718 1016 quem
740 932 923 1016 voluptates
946 931 1148 1017 doloresque,

123 1021 338 1088 incertissima
360 1020 504 1086 dominia
525 1020 861 1107 inpotentissimaque,
891 1021 1022 1087 ultumis
1045 1021 1149 1106 possi·

86 1110 260 1176 udebunt:
287 1131 365 1197 ergo
394 1109 575 1176 exeundum
603 1109 644 1174 ad
666 1109 848 1175 libertatem
871 1112 928 1175 est.
973 1110 1057 1175 banc
1079 1131 1148 1175 non
1166 1134 1192 1173 ro

124 1198 188 1265 alia
213 1219 264 1267 res
287 1198 407 1264 tribuit
434 1219 531 1283 quam
553 1198 704 1263 fortunae
727 1198 943 1285 neglegentia:
970 1203 1041 1264 tum
1064 1199 1149 1264 illud

124 1290 245 1355 orietur
267 1287 501 1365 inaestimabile
523 1286 659 1370 bonum,
683 1288 773 1372 quiea
792 1288 909 1352 mentia
927 1287 963 1352 in
979 1290 1052 1353 tuto
1072 1309 1148 1354 con-

122 1378 248 1444 locatae
266 1379 299 1441 et
317 1376 497 1442 sublimitas
512 1376 719 1461 expulsisque
733 1376 893 1442 erroribus
908 1398 949 1442 ex
961 1377 1148 1464 cognitione

123 1466 192 1535 veri
210 1465 365 1570 gaudium
384 1465 505 1552 grande
524 1468 557 1531 et
570 1465 742 1530 immotum
756 1466 955 1550 comitasque
969 1469 1003 1531 et
1016 1465 1147 1532 diffusio

123 1554 236 1639 anim,
269 1554 386 1639 quibus
419 1553 631 1620 delectabitur
661 1576 728 1619 uon
759 1558 797 1619 ut
828 1554 922 1620 bonis
952 1554 1009 1620 sed
1039 1558 1078 1620 ut
1106 1577 1150 1620 ex
1166 1577 1192 1618 ra

122 1644 209 1710 bono
232 1664 291 1709 suo
315 1643 404 1708 ortis.

76 1747 103 1797 :1
212 1731 253 1798 V.
290 1730 451 1810 Quoniam
473 1731 648 1797 liberaliter
668 1752 761 1818 agere
780 1731 887 1817 coepi,
908 1736 1016 1818 porea
1032 1732 1148 1798 beatus

123 1820 187 1887 dici
206 1820 264 1906 qui
280 1841 340 1887 ncc
358 1819 449 1907 cupit
465 1841 526 1886 nec
543 1819 637 1886 timet
653 1819 809 1887 beneficio
826 1821 975 1905 rationis,
992 1821 1149 1906 quoniam

123 1912 260 1985 etsaxa
286 1909 403 1975 timore
431 1913 465 1975 et
490 1908 624 1974 tristitia
650 1914 760 1976 carent
781 1931 842 1976 nec
863 1909 971 1977 minus
993 1910 1150 1995 pecudes3

123 2020 203 2064 non·
218 1998 291 2064 ideo
323 2003 433 2064 tamen
459 1999 631 2082 quisquam
654 1998 761 2065 felicia
783 1999 914 2083 dixerit,
940 1998 1057 2084 quibus
1079 2020 1149 2064 non
1166 2019 1194 2062 ao

86 2090 173 2152 aest
203 2087 367 2154 felicitatis
397 2087 588 2153 intellectus.
633 2087 746 2153 eodem
777 2088 850 2153 loco
877 2109 963 2172 pone
990 2087 1149 2172 homines,

124 2197 206 2262 quos
243 2176 278 2241 in
313 2198 484 2242 numerum
520 2198 673 2260 pecorum
704 2181 736 2242 et
766 2177 991 2242 hiemalium
1023 2175 1149 2264 redegit

122 2266 221 2331 hebes
244 2269 361 2331 natura
383 2269 416 2332 et
437 2266 599 2353 ignoratio
623 2266 682 2331 sui.
718 2265 803 2331 nihil
823 2266 957 2332 intarcst
978 2266 1064 2333 inter
1084 2265 1147 2333 bos

124 2359 157 2421 et
179 2355 249 2440 illa,
272 2355 427 2440 quoniam
444 2355 510 2421 illis
527 2356 618 2421 nulla
635 2355 718 2421 ratio
737 2359 800 2439 est,
821 2355 872 2420 his
891 2377 991 2442 prava
1009 2359 1042 2421 et
1059 2357 1147 2422 malo

124 2465 183 2509 suo
207 2447 303 2530 atque
326 2445 361 2509 in
378 2466 564 2529 perversum
583 2444 710 2529 sollers3
731 2444 845 2509 beatus
864 2444 950 2509 eninr
968 2444 1033 2510 dici
1049 2466 1147 2534 neruo
1166 2465 1193 2508 rs

87 2547 104 2596 3
124 2536 233 2619 potest
262 2537 353 2598 extra
381 2534 548 2599 veritatem
575 2533 746 2618 proiectus.
791 2533 885 2599 beata
907 2554 984 2619 ergo
1008 2533 1076 2598 vita
1098 2538 1149 2599 est

123 2625 269 2688 inrecto
293 2626 444 2708 certoque
466 2622 585 2688 iudicio
609 2622 751 2688 stabilita
774 2625 807 2688 et
824 2622 1032 2688 inmutabilis.
1068 2626 1149 2689 tunc

124 2711 210 2777 enim
240 2733 323 2796 pura
351 2733 442 2777 mens
470 2715 519 2778 est
549 2714 582 2776 et
613 2712 720 2777 soluta
749 2711 899 2778 omnibus
926 2711 1035 2796 malis,
1064 2733 1148 2796 quaa

123 2823 192 2868 uon
208 2805 336 2866 tantum
349 2801 559 2868 lacerationes
574 2799 630 2865 sed
644 2799 741 2866 etiam
755 2800 975 2868 vellicationes
989 2801 1150 2887 effugerit,

215 2956 955 3031 1hune...utquiGertshoc...utquaeAl
986 2957 1149 3014 lltribuet

126 3027 209 3084 Getta
229 3028 232 3100 l
254 3028 443 3100 neglegentia.
472 3034 504 3085 tu
517 3027 559 3084 A⁶
576 3027 587 3100 tl
604 3027 640 3082 12
654 3027 810 3084 collocatae
823 3031 892 3100 colo.
907 3045 940 3085 co
971 3030 1064 3085 ocata.
1078 3028 1121 3085 Α*
1138 3029 1149 3103 ΙΙ

125 3098 161 3154 is
179 3099 319 3155 erroribus
334 3102 491 3157 Paratomos
508 3098 662 3154 tortoribus
676 3102 704 3156 A
717 3099 728 3172 l}
745 3099 781 3156 18
794 3101 828 3156 dc
841 3117 895 3156 aaa
906 3101 1065 3171 paruwlae
1079 3117 1148 3170 quo-

125 3170 203 3225 niam
221 3172 271 3240 cfr.
287 3189 358 3242 quae
375 3172 529 3241 disputavit
547 3170 629 3228 Gertz
645 3172 718 3228 aad.
733 3173 793 3228 ont.
808 3175 907 3241 22124
925 3179 952 3229 et
968 3173 1030 3229 Jot.
1041 3172 1149 3229 Mueller

124 3243 157 3296 in
175 3244 245 3298 cotie
258 3244 348 3300 Aead.
363 3243 477 3299 l'iodot.
494 3246 564 3298 1894
583 3243 700 3298 CXXX
711 3260 742 3314 p.
757 3247 775 3299 5
796 3243 807 3317 tt
831 3243 867 3299 lo
889 3246 919 3299 et
940 3243 1060 3299 tristitia
1077 3244 1146 3316 eolo.

125 3313 849 3459 alaminus-<³-
863 3314 1094 3442 aecbe
1104 3315 1148 3442 t}

297 3404 1048 3601 iol

230 3569 283 3584 ...
567 3574 572 3585 .
702 3571 710 3599 ‚
753 3571 759 3584 .
959 3575 962 3583 .
