2438 3846
102 176 168 242 282
306 172 337 227 L.
351 171 494 225 ANNAEI
513 169 678 226 SENECAE
690 166 793 226 'DIAIs
807 169 875 224 LIB.
889 120 923 223 X

101 318 183 402 istis,
201 339 339 402 quorum
351 317 486 382 nomina
498 316 694 399 ediscuntur,
710 316 762 381 his
776 317 851 381 illos
865 316 990 383 dinosci
1003 315 1127 383 videbis

101 407 202 472 notis:
232 408 288 472 ille
310 406 398 472 illius
421 405 528 472 cultor
550 409 614 489 est,
641 405 696 471 hic
719 406 821 489 illius3
849 428 1045 472 suus-nemo
1070 410 1127 471 est.

67 496 218 562 odeinde
248 495 489 561 dementissima
521 494 724 579 quorundam
751 494 932 581 indignatio
957 499 1019 560 est:
1051 516 1128 579 que·

101 589 218 651 runtur
231 584 271 650 de
284 584 487 669 superiorum
500 583 642 668 fastidio,
656 584 743 668 quod
753 583 837 667 ipsis
846 584 935 650 adire
943 585 1128 650 volentibus

101 696 169 739 non
198 674 395 740 vacaverint!
441 674 538 739 audet
561 674 733 757 quisquam
756 673 796 738 de
819 673 952 739 alterins
975 672 1129 757 superbie
1160 694 1172 734 s

102 763 208 848 queri,
238 762 295 847 qui
316 763 390 850 ¹sibi
419 762 489 847 ipse
518 783 685 846 nunquam
715 761 830 827 vacat?
876 763 932 827 ille
954 766 1064 827 tamen
1085 765 1127 846 tc,

103 852 249 937 quisquis
259 874 302 936 es,
313 851 465 918 insolenti
475 851 604 936 quidem
619 851 713 916 vultu
727 850 783 916 sed
794 851 967 934 aliquando
977 852 1129 935 respexit,

101 942 158 1007 ille
172 963 265 1007 aures
280 962 353 1007 suas
368 941 409 1006 ad
422 945 479 1005 tua
492 941 591 1006 verba
604 940 743 1024 demisit,
761 940 817 1005 ille
830 943 864 1005 te
877 940 1017 1006 adlatus
1031 961 1128 1006 suum

101 1032 237 1115 recepit:
259 1034 297 1095 tu
319 1052 386 1095 non
408 1031 568 1114 inspicere
590 1033 624 1095 te
646 1050 816 1114 umquam,
838 1050 906 1094 non
928 1029 1040 1095 audire
1059 1029 1128 1116 dig·

101 1123 197 1185 natus
227 1142 269 1185 es.
315 1140 382 1184 non
409 1122 458 1185 est
485 1119 610 1203 itaque,
639 1119 726 1202 quod
753 1119 817 1184 ista
844 1117 952 1183 officia
975 1120 1128 1203 cuiqnam
1147 1139 1173 1179 ιο

101 1209 256 1293 imputes,
279 1209 432 1292 quoniam
456 1207 598 1292 quidem,
628 1229 703 1273 cum
726 1208 784 1272 illa
806 1207 940 1291 faceres,
967 1229 1035 1272 non
1058 1229 1129 1273 esse

101 1319 176 1363 oum
200 1297 264 1362 alio
288 1297 432 1376 volebas,
456 1294 512 1361 sed
534 1300 642 1363 tecum
664 1317 733 1361 esse
756 1318 824 1362 non
845 1300 983 1380 poteras.

67 1405 81 1453 1
190 1385 247 1452 HL
285 1384 402 1452 Omnia
423 1385 514 1469 licet,
537 1402 619 1469 quae
642 1407 786 1470 unquam
810 1385 940 1471 ingenia
957 1385 1129 1469 fulserunt,

101 1477 136 1540 in
162 1475 226 1542 hoc
248 1497 350 1540 unum
373 1475 591 1559 consentiant,
618 1495 785 1558 nunquam
809 1475 887 1541 satis
909 1475 994 1540 hanc
1016 1474 1129 1540 huma·

101 1587 216 1630 narum
249 1564 406 1629 mentium
441 1563 615 1650 caliginem
652 1565 869 1629 mirabuntur:
905 1563 1038 1649 praedia
1069 1585 1129 1629 sua
1148 1583 1174 1625 rs

102 1653 253 1739 occupari
276 1676 295 1717 a
316 1654 408 1718 nullo
432 1654 601 1738 patiuntur
623 1656 669 1738 et,
699 1653 727 1719 si
750 1654 868 1740 exigua
888 1653 1055 1719 conteutio
1078 1656 1129 1719 est

102 1743 141 1808 de
174 1741 270 1808 modo
302 1732 430 1825 finium,
466 1742 507 1807 ad
536 1742 660 1827 lapides
691 1747 724 1807 et
747 1765 837 1807 arma
859 1741 1057 1808 discurrunt:
1093 1742 1129 1806 in

99 1832 201 1898 vitam
219 1853 311 1897 suam
329 1830 475 1897 incedere
493 1832 574 1898 alios
593 1832 718 1915 sinunt,
736 1832 837 1897 immo
855 1854 932 1897 vero
951 1831 1016 1916 ipsi
1029 1831 1128 1896 etiam

100 1941 301 2006 possessores
325 1921 392 1987 eius
416 1920 543 1987 futuros
562 1920 733 2004 inducunt3
756 1943 852 1989 nemo
871 1921 1046 2005 invenitur,
1071 1921 1128 2004 qui

99 2010 269 2096 pecuniam
288 2032 380 2074 suam
391 2009 541 2085 ¹dividere
559 2011 651 2076 velit:
669 2009 770 2076 vitam
787 2011 1011 2095 unusquisque
1030 2031 1129 2092 quam
1147 2028 1175 2070 sc

102 2098 213 2164 multis
244 2098 421 2164 distribuitl
466 2099 613 2166 adstricti
642 2103 718 2164 sunt
748 2100 783 2164 in
811 2099 1005 2165 continendo
1028 2099 1128 2184 patri-

101 2187 227 2270 monio,
256 2189 354 2253 simul
381 2188 422 2253 ad
450 2188 608 2258 iacturam
630 2187 786 2273 tomporis
805 2191 943 2254 ventum
962 2191 1025 2271 est,
1053 2209 1127 2272 pro-

66 2276 257 2342 rfusissimi
279 2277 314 2341 in
338 2299 390 2361 eo,
416 2278 507 2343 cuiue
530 2278 626 2342 nnius
644 2277 782 2344 honesta
800 2278 936 2344 avaritia
953 2280 1010 2344 est.
1046 2277 1128 2342 libet

100 2366 210 2449 itaque
237 2387 277 2432 ex
300 2367 463 2432 seniorum
486 2367 582 2433 turba
604 2367 833 2452 comprendere
855 2367 1011 2451 aliquem:
1042 2365 1128 2450 ‘per-

100 2454 226 2521 venisse
266 2459 299 2520 te
340 2456 381 2521 ad
421 2457 574 2523 ultimum
615 2457 728 2522 aetatis
769 2455 929 2522 humanae
970 2456 1128 2536 videmus,
1145 2473 1173 2514 ro

100 2544 293 2610 centesimus
315 2544 377 2610 tibi
399 2547 454 2611 vel·
475 2567 574 2630 supra
595 2545 753 2631 premitur
771 2567 888 2610 annue:
910 2545 1064 2632 agedum,
1086 2544 1127 2608 ad

100 2633 377 2717 computationem
404 2638 542 2700 astetm
574 2639 665 2701 tuam
691 2655 815 2699 revoca
862 2633 938 2718 duc,
969 2636 1126 2717 quantum

101 2743 141 2786 ex
170 2721 234 2786 istc
265 2725 412 2809 tempore
444 2723 597 2807 creditor,
629 2726 786 2808 quantum
819 2723 935 2807 amica,
969 2725 1126 2806 quantum

100 2832 170 2894 rex,
205 2815 362 2894 quantum
396 2812 496 2878 cliens
527 2811 709 2895 abstulerit,
745 2815 903 2895 quantum
931 2812 973 2876 lis
1003 2810 1126 2894 uxoris,

190 2967 207 3022 l
226 2967 338 3023 uidebis
356 2984 425 3024 cerr.
439 2985 474 3024 ec
491 2967 555 3022 bid·
568 2961 613 3024 A⁶
623 2967 633 3041 11
652 2968 743 3022 teca·
762 2968 805 3022 est
818 2968 847 3023 A
864 2967 874 3040 Ν
892 2966 929 3022 10
947 2967 1084 3036 quiquam
1098 2967 1127 3022 A

101 3054 169 3093 corr.
184 3039 254 3109 sely.
274 3039 430 3109 quoiquam
446 3040 528 3095 Gertz
550 3039 560 3111 11
580 3038 617 3105 Ι12
636 3043 672 3094 cfr
690 3037 747 3093 elio
762 3041 790 3092 A
807 3039 855 3093 sed
872 3040 904 3092 ios
921 3055 977 3094 rcs.
992 3055 1042 3093 nec
1059 3056 1094 3093 m.
1110 3042 1127 3092 1

101 3115 133 3162 ut
155 3109 212 3163 uid.
232 3111 366 3179 cereptum
389 3127 452 3164 cum
477 3109 572 3178 aliquo
591 3122 609 3164 ς
628 3110 638 3183 Η
660 3109 697 3165 14
714 3109 914 3180 inhocslunum
928 3110 957 3164 A
975 3112 1055 3177 (eras.
1070 3109 1126 3163 oid.

102 3180 140 3248 in)
154 3180 164 3253 tt
182 3180 218 3235 15
230 3180 410 3235 mirabuntur
424 3183 452 3237 A
465 3179 675 3235 miserebuntur
688 3180 847 3236 dubitanter
861 3180 981 3250 Madoiy
994 3179 1127 3233 crimina-

104 3249 208 3306 buntur
223 3252 306 3307 Gertz
330 3252 333 3323 1
351 3251 387 3307 18
400 3253 558 3324 incelldere
572 3253 601 3307 A
614 3254 695 3322 (cras.
710 3254 739 3321 n)
753 3250 812 3377 ⁹25
821 3258 887 3321 post
899 3250 1032 3305 ultimum
1047 3251 1128 3305 Koch

100 3321 252 3378 terminum
326 3367 332 3380 .
346 3325 394 3380 sed
407 3325 457 3393 cfr.
468 3325 535 3380 diat.
549 3324 592 3378 VI
604 3329 675 3391 12,4
693 3324 814 3380 decem.
829 3323 850 3377 I
862 3327 916 3390 6,3
929 3324 1007 3392 epist.
1018 3327 1081 3389 120,
1091 3325 1128 3378 17

102 3401 128 3450 et
150 3397 186 3451 18
209 3394 220 3468 ΙΙ
243 3395 278 3450 27
298 3395 353 3451 duc
372 3398 400 3452 A
424 3397 470 3452 dio
492 3398 560 3469 ooly.
584 3396 595 3469 lt
619 3396 655 3452 29
673 3411 722 3450 rex
735 3397 764 3451 A
785 3397 814 3464 (i.
829 3411 851 3450 e.
869 3396 1003 3465 superior,
1023 3411 1044 3449 c.
1059 3398 1086 3461 2,
1102 3401 1127 3463 1,

83 3469 244 3537 patronus)
265 3475 348 3536 recte,
368 3471 523 3525 memineris
540 3469 618 3524 modo
638 3468 707 3523 Hor.
727 3469 804 3538 epist.
824 3467 845 3522 1
860 3472 878 3522 7
895 3473 921 3521 et
939 3471 990 3533 183
1011 3482 1062 3521 nec
1082 3466 1127 3521 ob-

75 3540 158 3588 stare
173 3545 254 3606 puto
278 3540 361 3612 quod
378 3543 602 3607 macerrimum
627 3540 734 3598 clientis
759 3539 882 3618 officium
906 3537 986 3604 infra
1011 3537 1127 3593 additur
