2438 3846
114 136 181 201 274
311 132 343 188 L.
358 130 501 185 ANNAEI
519 129 685 186 SENECAE
703 130 800 186 DIAL.
814 129 883 186 LlB.
897 129 945 185 IX.

114 279 205 363 flere,
228 301 302 344 cum
326 300 436 344 omnes
460 277 594 343 faciant:
620 278 699 342 adeo
723 277 853 362 penitus
877 277 941 343 hoc
964 298 998 342 se
1021 279 1150 349 malum.

113 369 199 452 fixit,
227 391 267 434 ex
295 369 399 433 aliena
428 369 581 451 opinione
603 367 757 450 pendere,
784 370 822 431 ut
845 367 880 430 in
903 367 1145 434 simulationem

115 458 211 524 etiam
234 480 285 522 res
309 457 560 541 simplicissime,
584 456 692 540 dolor,
714 455 831 521 veniat.

80 564 94 613 1
203 545 290 610 XVI.
333 544 487 629 Sequitur
522 568 612 629 pars,
649 567 731 630 quae
768 545 852 611 solet
888 567 956 611 non
992 545 1144 612 inmerito

114 636 304 702 contristare
328 640 360 701 et
379 637 414 700 in
432 635 684 701 sollicitudinem
703 634 869 701 adducere.
908 636 964 700 ubi
983 635 1146 701 bonorum
1178 657 1190 696 ⁵

114 726 218 790 exitus
242 725 319 789 mali
342 728 432 809 sunt,
455 725 511 790 ubi
531 723 679 790 Socrates
703 725 832 810 cogitur
854 724 1033 789 incarcere
1052 727 1146 809 mori,

113 813 255 879 Rutilius
274 814 309 878 in
327 816 424 879 exilio
446 817 569 897 vivere,
592 813 767 896 Pompeius
791 817 823 877 et
838 812 950 878 Cicero
971 813 1144 879 clientibus

113 905 179 968 suis
199 905 350 987 praebere
370 903 540 986 cervicem,
561 901 641 968 Ceto
660 903 729 985 ille,
748 903 919 966 virtutium
937 902 1013 967 riva
1026 904 1145 988 imago,

112 993 301 1057 incumbens
334 994 445 1080 gladio
478 992 576 1057 simul
607 992 646 1057 de
679 1013 713 1056 se
745 997 850 1057 cetum
879 1012 943 1058 esse
972 1012 1010 1056 ac
1041 991 1080 1056 de
1110 1014 1145 1056 re

112 1082 243 1166 publica
269 1083 377 1166 pelam
400 1081 520 1166 facere,
547 1103 677 1147 necesse
701 1085 750 1147 est
773 1081 918 1166 torqueri
941 1085 1008 1146 tam
1032 1080 1191 1165 iniquam

112 1172 255 1256 praemia
272 1170 437 1235 fortunam
456 1172 654 1254 persolvere,
678 1175 711 1235 et
730 1170 808 1254 quid
828 1171 890 1236 sibi
909 1172 1047 1255 quisque
1066 1175 1145 1236 tunc

76 1265 233 1345 asperet,
265 1282 339 1327 cum
366 1259 474 1324 videat
498 1259 638 1343 pessima
661 1259 803 1343 optimos
826 1258 917 1343 pati?
964 1260 1042 1343 quid
1066 1282 1144 1346 ergo

113 1350 182 1414 est?
237 1349 310 1415 vide
348 1348 510 1434 quomodo
549 1349 685 1433 quisque
723 1349 855 1413 illorum
887 1347 1014 1432 tulerit,
1052 1352 1085 1414 et
1117 1350 1145 1414 si

112 1438 212 1503 fortes
235 1439 380 1524 fuerunt,
403 1440 549 1523 ipsorum
572 1439 647 1503 illos
671 1439 779 1503 animo
804 1438 961 1522 desidera,
986 1439 1013 1504 si
1033 1438 1165 1524 mulie-U

112 1528 213 1593 briter
236 1531 269 1593 et
291 1528 407 1614 ignave
430 1530 609 1612 perierunt,
631 1529 714 1592 nihil
738 1531 836 1612 perit:
864 1531 921 1593 aut
944 1528 1035 1614 digni
1060 1532 1192 1612 sunt,1s

113 1638 251 1701 quorum
273 1617 376 1682 virtus
400 1617 461 1681 tibi
483 1617 623 1701 placeat,
651 1620 707 1681 aut
731 1616 871 1703 indigni,
900 1638 1039 1700 quorum
1064 1617 1145 1682 desi-

112 1707 240 1772 deretur
258 1707 396 1793 ignavia.
435 1706 513 1790 quid
532 1705 618 1771 enim
637 1709 686 1771 est
704 1706 832 1790 turpius
853 1728 950 1790 quam
969 1706 998 1770 si
1011 1707 1146 1771 maximi

77 1811 93 1861 c
111 1797 173 1859 viri
192 1795 323 1861 timidos
342 1795 470 1861 fortiter
483 1795 650 1861 moriendo
666 1794 811 1861 faciunt?
842 1795 1010 1861 laudemus
1024 1795 1145 1861 totiens

112 1884 247 1970 dignum
283 1885 433 1950 laudibus
471 1889 503 1950 et
540 1885 698 1950 dicamus:
740 1885 847 1950 ‘tanto
883 1885 1014 1968 fortior,
1051 1888 1144 1950 tanto

111 1973 250 2039 feliciori
288 1996 398 2038 omnes
413 1975 556 2060 effugisti
571 1996 678 2058 casus,
696 1975 847 2059 livorem,
866 1974 1030 2057 morbum,
1049 1973 1145 2039 existi
1165 1996 1193 2035 ro

112 2085 152 2128 ex
175 2062 335 2146 custodia,
357 2084 424 2128 non
448 2068 485 2127 tu
508 2063 625 2150 dignus
650 2064 737 2128 mala
759 2063 891 2128 fortune
914 2062 963 2128 dis
987 2062 1076 2127 visus
1101 2085 1144 2145 es,

112 2152 168 2219 sed
200 2151 367 2238 indignus,
401 2154 435 2215 in
469 2175 565 2237 quem
596 2153 661 2218 iam
693 2152 817 2237 aliquid
846 2152 979 2218 fortuna
1008 2151 1144 2235 posset'3

112 2241 364 2306 subducentibus
392 2264 469 2306 vero
497 2263 531 2307 se
559 2245 591 2306 et
619 2243 653 2307 in
681 2243 752 2326 ipsa
780 2245 884 2306 morte
908 2240 1073 2305 advitam
1097 2264 1145 2304 re-

77 2332 332 2415 espectantibus
365 2353 479 2396 manus
511 2331 691 2397 iniciendae
724 2335 807 2397 sunt.
863 2331 1026 2395 neminem
1059 2330 1143 2395 flebo

111 2420 248 2502 laetum,
283 2420 444 2484 neminem
482 2420 626 2486 flentem:
668 2421 723 2486 ifle
759 2420 911 2486 lacrimas
948 2441 1035 2483 meas
1074 2420 1144 2503 ipse
1166 2440 1192 2480 es

112 2509 275 2593 apstersit,
304 2509 358 2575 hic
382 2510 447 2574 suis
471 2510 613 2576 lacrimis
638 2510 757 2593 effecit,
784 2531 826 2574 ne
849 2509 926 2574 ullis
951 2508 1068 2593 dignus
1093 2508 1145 2573 sit.

112 2619 172 2683 ego
196 2595 370 2663 Herculem
389 2599 497 2683 fleam,
523 2599 609 2683 quod
632 2599 725 2664 vivus
749 2599 868 2682 uritur,
891 2599 948 2662 aut
972 2595 1146 2683 Regulum,

201 2789 219 2845 2
238 2790 330 2846 infixit
347 2791 428 2847 malit
442 2792 524 2847 Gertz
536 2791 547 2865 ll
565 2791 583 2846 4
601 2789 730 2859 sequitur
747 2791 816 2861 oolp.
837 2792 972 2861 sequetur
986 2792 1014 2846 A
1028 2789 1038 2862 lt
1055 2789 1074 2844 5
1094 2789 1145 2843 ad-

112 2861 222 2917 ducere.
253 2861 303 2916 ubi
324 2906 373 2919 ...
394 2862 500 2928 facere,
520 2878 634 2918 necesse
654 2861 773 2933 Madvip
791 2863 891 2931 interp.
916 2861 1073 2928 adducere,
1093 2860 1145 2914 ubi

113 2973 163 2988 ...
183 2933 284 2988 facere.
318 2950 432 2989 necesse
454 2932 523 3005 cdlp.
547 2933 557 3006 ll
581 2933 599 2987 9
623 2935 719 2987 actum
739 2948 800 2987 esse
819 2933 885 2987 add.
904 2951 929 2989 o.
945 2934 971 2989 d.
988 2934 1077 3000 Vliet,
1096 2932 1146 2987 sed

107 3011 172 3074 poet
194 3005 342 3074 republica
365 3009 483 3061 iurauit
505 3021 535 3060 se
555 3005 705 3073 desperare
724 3004 857 3060 memisse
870 3011 956 3075 putat
969 3011 1035 3073 post
1058 3004 1094 3058 de
1114 3021 1144 3058 se

112 3091 146 3129 ac
165 3075 200 3130 de
219 3091 277 3144 rep.
293 3078 433 3133 Matthias
450 3077 460 3149 ll
479 3075 512 3131 11
531 3078 600 3130 tunc
619 3092 689 3131 corr.
704 3077 736 3131 iu
754 3092 829 3130 nunc
843 3077 886 3131 A¹
904 3075 973 3130 boni
987 3076 1068 3130 Koch
1086 3074 1144 3129 tuti

113 3147 197 3202 Gertz
224 3164 280 3202 non
304 3149 464 3218 Petscheuip
491 3147 500 3219 ll
528 3146 563 3202 18
588 3147 704 3202 timidos
731 3151 852 3215 <uos>
875 3164 956 3217 prop.
982 3147 1106 3217 Psennip
1133 3147 1143 3218 ll

112 3217 147 3272 20
162 3235 258 3273 omnes
271 3218 350 3274 Gertz
365 3220 492 3273 homines
503 3220 531 3274 A
545 3219 667 3273 hominis
682 3237 745 3275 cum
759 3216 818 3274 edd.
829 3225 898 3273 ant.
908 3219 1029 3290 Madvip
1043 3218 1144 3271 huma·

112 3305 163 3343 nos
178 3291 274 3345 Muret
301 3291 304 3362 l
330 3305 426 3344 cassus
445 3292 473 3346 A
500 3290 504 3361 l
529 3289 659 3346 morbum
673 3292 701 3346 A
722 3290 796 3360 quod
813 3291 938 3356 defendit
956 3291 1019 3347 Joh.
1036 3290 1145 3344 Mulier

112 3366 176 3430 apte
189 3361 249 3415 coll.
265 3361 332 3416 dial.
349 3363 399 3416 XI
415 3367 469 3428 9,4
487 3379 611 3417 morsum
629 3362 712 3417 Gertz
725 3362 735 3434 ll
748 3361 784 3416 26
798 3367 850 3431 nec
863 3361 930 3417 ullis
945 3363 974 3417 A
987 3361 998 3433 Η
1010 3360 1045 3415 27
1060 3362 1144 3416 verba

113 3434 158 3485 er'
252 3431 312 3486 'um
330 3433 406 3502 quod
425 3435 469 3487 tot
483 3434 573 3488 clauis
588 3433 740 3504 configitur
758 3436 790 3488 in
803 3450 890 3504 marp.
905 3433 970 3489 cdd.
986 3431 1028 3487 A³
1042 3438 1068 3487 et
1079 3438 1145 3501 post

299 3505 369 3560 enda
388 3521 444 3561 esse
461 3507 631 3578 sipnificcvit
