2438 3846
343 143 393 198 DE
412 142 666 199 PROVIDENTIA
684 142 762 198 CAP.
778 150 794 197 4
1039 145 1080 210 13

55 291 220 358 felicitatis
244 290 494 375 intemperantia
516 292 578 354 est:
601 292 711 355 movet
729 289 910 374 cerebrum,
932 288 1079 353 invanas

57 385 181 447 mentes
199 379 365 467 imagines¹
376 382 504 462 evocat,
525 380 666 443 multum
685 379 770 444 inter
782 379 902 444 falsum
916 399 954 444 ac
967 399 1080 443 verum

57 470 181 536 mediae
210 468 357 556 caliginis
387 468 503 533 fundit.
550 467 663 552 quidni
692 468 793 534 satius
821 468 864 534 sit
890 470 1080 552 perpetuam

57 558 280 625 infelicitatem
310 558 466 624 advocata
487 557 607 623 virtute
634 559 793 623 sustinere
823 579 921 642 quam
944 556 1080 621 infinitis

27 652 156 732 satque
178 647 359 713 immodicis
382 647 477 714 bonis
495 645 626 732 rumpi?
654 647 759 712 lenior
776 647 896 712 ieiunio
915 668 1003 712 mors
1022 649 1081 730 est,

58 738 217 803 cruditate
235 737 406 802 dissiliunt
437 735 522 802 hanc
539 736 650 821 itaque
668 737 827 801 rationem
841 736 887 800 dii
901 739 1082 819 sequuntur
1101 754 1133 804 11

56 828 92 893 in
127 827 221 892 bonis
248 826 325 891 viris
360 847 457 911 quam
489 826 525 891 in
556 825 722 910 discipulis
752 825 819 891 suis
847 830 1083 911 praeceptores,

58 917 115 1001 qui
138 917 212 1001 plus
234 915 354 982 laboris
378 915 419 981 ab
442 916 470 981 is
494 914 643 1001 exigunt,
667 915 703 979 in
725 916 843 1000 quibus
867 916 985 981 certior
1007 936 1080 1000 spes

57 1011 115 1072 est.
167 1005 314 1089 nunquid
344 1009 381 1070 tu
410 1004 532 1071 invisos
563 1025 632 1070 esse
667 1004 929 1070 Lacedaemoniis
961 1004 1081 1070 liberos

14 1115 40 1155 ro
57 1116 133 1161 suos
157 1094 274 1178 credis,
303 1116 441 1178 quorum
465 1095 674 1179 experiuntur
694 1094 837 1160 indolem
860 1094 990 1179 publice
1012 1115 1082 1160 rer·

24 1227 27 1230 <
57 1184 187 1250 beribus
220 1183 382 1258 admotis?
435 1184 499 1268 ipsi
529 1183 604 1249 illos
641 1188 749 1268 patres
781 1184 1008 1269 adhortantur,
1044 1187 1082 1249 ut

57 1274 141 1340 ictus
164 1274 368 1361 flagellorum
390 1273 520 1339 fortiter
541 1272 714 1359 perferant,
737 1277 771 1338 et
791 1274 915 1339 laceros
931 1294 969 1339 ac
988 1273 1082 1338 semi·

57 1365 179 1429 animes
198 1368 330 1450 rogant,
347 1367 553 1447 perseverent
566 1363 700 1429 vulnera
717 1363 871 1448 praebere
884 1363 1082 1429 vulneribus.

56 1453 136 1538 quid
159 1454 292 1536 mirum,
314 1453 343 1517 si
366 1453 444 1518 dure
467 1474 640 1539 generosos
663 1453 796 1536 spiritns
820 1452 898 1518 deus
921 1451 1082 1536 temptat?
1101 1474 1134 1525 12

13 1564 235 1628 enumquam
265 1543 395 1608 virtutis
430 1542 529 1607 molle
566 1542 795 1607 documentum
831 1545 887 1608 est.
933 1542 1082 1607 verberat

56 1653 117 1698 nos
150 1636 183 1698 et
213 1633 334 1699 lacerat
364 1631 510 1698 fortuna:
541 1632 716 1715 patiamur!
761 1653 829 1697 non
860 1634 910 1697 est
939 1631 1083 1715 saevitia,

57 1725 221 1788 certamen
251 1726 315 1806 est,
346 1721 434 1806 quod
465 1741 525 1804 qao
557 1720 684 1806 saepius
713 1720 900 1804 adierimus,
930 1720 1081 1787 fortiores

58 1811 191 1876 erimus:
222 1810 417 1877 solidissima
446 1810 590 1896 corporis
620 1831 695 1895 pars
725 1814 776 1876 cst
805 1832 902 1895 quam
929 1810 1081 1895 frequens

12 2011 41 2052 so
56 1921 148 2055 iffi
168 1904 313 2075 ἰξᾞειξ
329 1899 855 2074 ᾶιξτῗῐῗιῗιῗᾶῑιιαξιῗαᾞδίοεᾛέ
860 1903 958 2074 palies
970 1903 1083 2073 cdfsdidd,

58 2082 282 2164 contemptum
309 2080 527 2164 periculorum
557 2077 733 2144 adsiduitas
756 2078 960 2164 periclitandi
983 2077 1082 2144 dabit

58 2168 106 2235 sic
135 2172 212 2234 sunt
234 2169 372 2235 nauticis
396 2190 532 2254 corpora
554 2168 686 2234 ferendo
710 2169 792 2234 mari
815 2169 909 2253 dura,
931 2167 1082 2256 agricolis
1102 2187 1135 2237 ιε

58 2279 173 2324 manus
191 2259 298 2342 tritae,
321 2258 361 2324 ad
381 2258 572 2325 excutienda
589 2259 655 2324 tela
669 2259 824 2325 militares
837 2258 951 2324 lacerti
963 2258 1083 2342 valent,

58 2347 156 2435 agilia
191 2352 269 2414 sunt
303 2349 449 2414 membra
483 2347 681 2413 cursoribus:
713 2348 748 2413 id
779 2348 815 2413 in
845 2368 975 2433 quoque
1008 2347 1082 2413 soli-

109 2594 118 2606 .
146 2522 167 2578 2
173 2525 282 2579 mentes
290 2525 318 2580 A
327 2525 452 2608 mqntem
465 2523 525 2580 edd.
535 2523 657 2608 multari]
669 2523 798 2594 tquidni
807 2524 898 2578 satius
906 2525 1004 2579 Muret
1012 2522 1081 2592 quid

56 2611 94 2650 ne
107 2611 132 2649 rs
146 2595 236 2650 satius
248 2597 276 2652 A
289 2593 300 2668 l}
312 2595 435 2651 disruno
445 2596 553 2653 Hosius
565 2596 576 2670 {t
588 2595 659 2650 ocu
668 2598 806 2666 sequntur
814 2595 866 2722 AR
877 2595 891 2650 7
901 2597 1082 2665 preceptores

56 2664 164 2722 laboris
173 2666 227 2734 A¹,·
235 2668 307 2723 tester
319 2667 387 2722 tuce
398 2668 482 2723 verta
494 2685 516 2724 a.
525 2686 550 2724 o.
561 2668 625 2723 odd.
636 2667 679 2724 A¹
688 2667 738 2738 qui
750 2665 816 2736 plus
824 2667 835 2740 ΙΙ
880 2665 952 2739 ablis
961 2667 1004 2723 A²
1012 2683 1081 2722 corr.

57 2740 91 2793 ia
104 2736 201 2810 ablhis
210 2737 272 2812 A‘l
284 2738 302 2794 9
315 2739 445 2808 nunquid
454 2741 483 2794 A
495 2739 506 2813 ΙΙ
519 2739 556 2796 10
568 2737 714 2808 uerberib3
728 2742 808 2809 (corr.
824 2755 858 2794 cc
874 2737 1004 2809 uerbere)
1018 2738 1061 2795 A¹
1072 2738 1083 2812 11

57 2808 95 2864 lt
111 2809 257 2880 patiamur
271 2811 366 2866 Moror
382 2811 509 2880 patimur
522 2814 551 2868 A
572 2811 583 2884 Η
606 2811 640 2866 17
660 2811 736 2880 quod
773 2826 810 2866 uo
829 2818 856 2866 et
873 2812 907 2867 P.
920 2811 1039 2867 Thomas
1057 2818 1083 2866 et

86 2897 198 3009 prtquo¹²
212 2881 445 3009 igpll‘maqmd
463 2881 506 2939 A¹
524 2882 644 2967 quodsi
661 2882 704 2967 A⁵
728 2882 738 2956 Η
784 2881 888 2938 dante
910 2881 1082 2967 solidissima

56 2970 241 3094 ariadnes
255 2954 1084 3097 oadiuidaiirilaiiiidiffi.iuliis'.⁸.g.¹l⁸.v¹.lp¹i⁰ril

57 3095 178 3151 clitandi
203 3096 285 3151 dabit
305 3105 375 3182 post,
392 3095 520 3153 membra
542 3096 703 3183 cursoribus
724 3105 903 3168 toaspoaere
922 3098 1083 3165 voluerum&

56 3169 603 3310 itisl‘iffilid‘s‘ttlattdld
611 3168 898 3312 mitit
909 3168 1084 3296 litt&

56 3326 92 3364 us
116 3310 193 3382 cdd.)
218 3311 223 3385 1
248 3309 336 3366 faciet
358 3311 439 3367 Koct
465 3311 555 3367 faciat
574 3314 603 3370 A
622 3312 633 3386 11
657 3310 693 3367 22
712 3312 820 3367 siosunt
841 3328 910 3368 corr.
930 3329 967 3367 ex
992 3313 1083 3366 sisunt

55 3382 122 3448 fort.
141 3381 184 3439 A¹
208 3381 213 3454 Ι
238 3382 353 3438 ferendo
376 3384 446 3454 voto.
470 3382 612 3439 efferendo
634 3384 677 3440 A¹
702 3384 751 3439 aed
778 3382 809 3438 ef
832 3400 902 3440 corr.
924 3399 958 3438 cs
978 3383 1004 3453 ej
1025 3386 1083 3439 ove

56 3453 125 3582 w
138 3453 341 3583 &adamae
362 3454 426 3522 suit.
460 3455 583 3510 nauticis
609 3454 696 3510 fortia
721 3470 772 3510 ora
798 3457 829 3510 et
851 3453 977 3509 terendo
996 3469 1045 3504 mr
1063 3455 1103 3502 os
