2438 3846
96 176 162 245 164
290 171 322 230 u.
336 172 477 227 susam
496 171 660 228 serrem
678 171 774 228 orsu.
788 170 855 226 ma.
869 169 926 244 vr„

94 321 159 386 trio
189 319 288 407 digna
316 324 413 402 etque
441 317 575 406 indigna
600 316 735 402 passuri.
781 317 969 402 corporibus
992 317 1112 382 nostris

95 409 294 495 inpotenter,
330 408 575 491 contumeliose,
613 406 784 472 crudeliter
824 408 985 473 abutetur:
1031 407 1112 472 alios

91 497 563 671 ttlhsstttttt
576 495 1113 669 tttttltthlttht

92 676 177 740 ahos
200 698 258 759 per
280 675 401 740 ineerta
422 675 526 741 nudos
549 673 652 739 maria
673 674 805 739 iactabit
827 677 860 739 et
881 674 1021 739 luctatos
1040 695 1114 739 cum
1146 697 1159 741 s

94 764 247 830 fluctibus
279 786 319 830 ne
351 765 386 829 in
416 764 569 829 harenam
599 762 729 847 quidem
761 766 817 828 aut
844 763 922 828 litus
955 763 1116 847 explodet,

95 852 152 918 sed
183 852 219 918 in
250 853 385 919 alicuius
422 853 585 917 inmensae
617 855 761 918 ventrem
797 852 909 917 beluae
946 852 1116 936 decondet;

97 943 177 1007 ulios
208 943 394 1008 morborum
422 943 506 1009 varis
538 941 707 1027 generibus
735 945 930 1007 emaceratos
954 940 1009 1006 diu
1032 942 1115 1011 inter

96 1031 198 1095 vitam
227 1035 428 1116 mortemque
457 1029 580 1096 medios
611 1029 774 1095 detinebit.
820 1034 856 1095 ut
878 1030 968 1095 varia
990 1034 1023 1094 et
1044 1030 1116 1095 libi-

96 1120 211 1186 dinosa
254 1121 553 1204 mancipiorumque
596 1141 728 1185 suorum
771 1121 944 1206 neglegens
985 1119 1117 1184 domina
1135 1146 1162 1185 ro

96 1213 128 1274 et
151 1210 264 1295 poenis
289 1213 322 1275 et
343 1210 529 1275 muneribus
553 1209 678 1274 errabit.

59 1334 76 1382 1
186 1314 241 1380 XI.
280 1314 364 1392 Quid
393 1337 475 1400 opus
505 1319 554 1381 est
583 1319 689 1401 partes
720 1314 857 1381 deflere?
902 1319 973 1381 tota
999 1314 1115 1381 flebilis

97 1405 165 1469 vita
187 1409 249 1470 est:
272 1405 433 1492 mgebunt
454 1426 539 1470 nova
562 1405 780 1488 incommoda,
797 1405 986 1490 priusquam
1004 1405 1117 1470 veteri-

96 1494 157 1560 bus
176 1493 254 1559 satis
271 1493 394 1560 feceris.
430 1495 662 1560 moderandum
677 1498 726 1560 est
739 1495 848 1578 itaque
862 1495 955 1559 vobis
969 1494 1117 1578 maxime,

97 1604 180 1668 quae
209 1583 406 1649 inmoderate
437 1582 541 1667 fertis,
571 1587 603 1649 et
630 1584 665 1648 in
692 1583 811 1650 multos
834 1583 962 1649 dolores
983 1583 1118 1648 humani
1136 1608 1162 1650 rs

97 1673 237 1756 pectoris
261 1673 310 1738 vis
332 1673 553 1757 dispensanda.
596 1672 684 1750 Quae
707 1673 820 1738 deinde
839 1673 901 1738 ista
920 1695 994 1737 suae
1013 1672 1118 1757 publi·

97 1783 218 1846 cacque
255 1761 453 1828 condicionis
491 1761 613 1827 oblivio
652 1762 722 1827 est?
780 1762 927 1827 mortalis
963 1765 1039 1827 nata
1075 1784 1118 1845 es,

100 1851 250 1916 mortales
282 1851 449 1936 peperisti:
485 1854 579 1936 putre
609 1852 680 1936 ipsa
708 1850 908 1936 fluidumque
938 1872 1055 1935 corpus
1086 1855 1119 1916 et

25 1968 29 1976 ¹
99 1940 203 2006 causis
222 1939 246 2024 1
264 1941 395 2006 morbos
418 1941 559 2024 repetita
579 1941 713 2024 sperasti
731 1944 799 2005 tam
817 1940 967 2006 inbecilla
985 1941 1119 2006 materia

61 2029 204 2094 aeolida
226 2032 258 2094 et
281 2033 409 2095 aeterne
431 2028 594 2116 gestasse?
630 2027 766 2094 decessit
786 2029 873 2095 filius
891 2029 1037 2113 tuus,‘id
1061 2034 1119 2113 est,
1137 2055 1164 2096 re

99 2118 280 2183 decucurrit
298 2119 443 2184 adhunc
461 2119 572 2201 finem,
591 2117 631 2182 ad
650 2140 746 2203 quem
761 2141 842 2203 quae
861 2119 1006 2184 feliciora
1023 2122 1119 2204 partu

98 2210 156 2272 tuo
187 2210 282 2293 putas
314 2210 497 2292 properant.
546 2206 609 2272 hoc
642 2208 748 2273 omnis
779 2208 842 2273 ista
873 2229 953 2291 quae
983 2208 1018 2273 in
1047 2208 1118 2274 foro

97 2296 219 2382 litigat,
249 2302 363 2380 spectat
391 2298 426 2361 in
455 2296 604 2380 theatris,
633 2297 669 2361 iu
695 2297 825 2382 templis
853 2301 1002 2382 precatur
1024 2298 1120 2362 turba

188 2471 380 2528 tractabile
402 2472 523 2528 iactauit
537 2472 564 2527 A
588 2472 599 2544 11
623 2472 641 2526 6
660 2488 694 2527 ac
711 2471 780 2527 litus
801 2471 882 2528 Gertz
904 2472 915 2545 11
941 2472 955 2527 7
974 2471 1059 2527 belna
1078 2472 1121 2528 A¹

98 2560 167 2600 corr.
182 2547 250 2600 Μ
273 2543 286 2628 11
308 2544 420 2600 Suaris
434 2545 462 2599 A
479 2543 568 2598 uariis
587 2545 618 2600 F
638 2544 649 2617 11
673 2544 707 2599 11
731 2546 760 2600 et
783 2545 910 2614 (secundo
929 2545 995 2614 loco)
1014 2546 1046 2599 ia
1063 2562 1118 2607 ras.

99 2615 141 2671 A⁶
165 2614 169 2684 1
195 2615 337 2671 errabrts
359 2617 465 2671 errauit
483 2618 512 2671 A
533 2615 544 2688 11
568 2615 604 2670 15
622 2632 696 2685 quae
714 2618 743 2671 A
760 2616 832 2686 praed
849 2633 943 2672 oerum
960 2616 1077 2682 videtin,
1095 2619 1121 2671 ei

98 2687 207 2757 quidem
226 2688 385 2743 mulieribus
402 2688 452 2744 hoc
465 2689 655 2757 praecipitum
675 2704 727 2757 pro
744 2694 841 2743 aratro
856 2688 932 2757 plur.
947 2688 1028 2744 habet
1045 2688 1121 2743 Ellis

100 2758 150 2828 qui
168 2759 324 2814 Pincianae
345 2758 394 2828 qui
413 2774 448 2821 ea
466 2759 586 2830 Madotp
612 2759 615 2831 1
644 2761 673 2814 et
690 2759 721 2813 in
739 2757 843 2813 multos
862 2757 972 2814 dolores
991 2772 1008 2814 ς
1031 2761 1060 2813 et
1078 2759 1120 2813 in-

99 2828 203 2885 multos
227 2832 256 2884 et
278 2829 419 2885 indolores
439 2829 468 2885 A
493 2831 522 2885 et
545 2829 576 2885 in
597 2831 689 2885 metus
713 2832 742 2885 et
760 2831 791 2884 in
809 2829 919 2885 dolores
940 2831 1121 2886 camelitas

98 2917 157 2957 aon
170 2902 234 2956 berre
248 2901 368 2973 Modctp
381 2908 407 2958 ct
420 2901 560 2958 Rossbach
577 2903 606 2956 et
618 2900 722 2955 multos
737 2903 780 2956 est
793 2902 824 2957 in
838 2902 948 2957 dolores
962 2902 1099 2958 Schultess
1115 2903 1118 2966 1

97 2972 218 3026 humani
234 2973 357 3042 pectoris
372 2973 414 3028 ris
429 2973 549 3043 Maricio
566 2973 685 3027 humani
702 2975 802 3042 pectus
815 2974 844 3028 A
861 2973 980 3028 humani
997 2974 1121 3043 pectoris

100 3043 131 3098 F
142 3043 258 3099 feminei
271 3043 393 3114 pectoris
406 3043 495 3099 virtus
507 3045 643 3100 Schultess
655 3045 774 3099 humani
787 3045 909 3115 pectoris
924 3045 1012 3116 pestis
1022 3045 1099 3101 Ellis
1111 3044 1122 3117 11

99 3113 136 3168 16
153 3130 222 3170 suae
235 3115 263 3171 A
281 3117 350 3170 tuae
368 3128 385 3170 ς
409 3115 413 3185 1
430 3114 466 3171 19
485 3115 577 3170 causis
596 3113 708 3170 morbos
726 3116 862 3186 repetitos
875 3116 904 3172 A
923 3117 1016 3172 causis
1032 3116 1120 3171 omni·

100 3183 153 3240 bur
175 3187 299 3255 repetita
320 3203 346 3242 a.
360 3186 386 3242 ct.
430 3187 478 3243 h'ct
502 3186 595 3242 carnis
618 3185 715 3242 morbo
738 3186 860 3257 repetita
884 3188 1004 3259 Madoip
1029 3188 1121 3242 carnis

99 3255 212 3312 morbos
232 3258 332 3313 sortita
346 3259 470 3328 Psenm‘p
487 3274 522 3313 ex
536 3257 629 3313 carnis
642 3256 740 3314 morbo
754 3258 855 3314 sortita
870 3257 1013 3330 Kiceslirrp
1029 3259 1121 3314 causis

100 3342 135 3383 ac
152 3326 251 3384 morbo
268 3329 391 3399 repetita
410 3329 487 3386 Ellis
505 3329 597 3384 causis
615 3328 775 3386 morborum
794 3345 853 3433 rep.
871 3329 952 3387 Gertz
968 3329 972 3402 1
988 3328 1122 3386 inbecilla

101 3398 144 3456 A²
165 3399 285 3472 (atrocia
326 3406 400 3457 ostra
420 3416 500 3457 oceo
519 3403 567 3470 est)
593 3399 604 3473 11
629 3399 666 3457 20
689 3399 780 3457 solido
800 3400 828 3456 A
869 3401 873 3474 1
903 3403 1026 3473 gestam
1046 3401 1089 3458 Αὑ
1112 3402 1123 3474 11

100 3469 136 3526 22
154 3468 208 3526 hoc
226 3472 255 3543 (i.
266 3487 288 3528 r.
301 3417 372 3541 inc,
390 3472 440 3541 cfr.
455 3471 523 3528 dial.
539 3473 566 3529 V
578 3475 615 3529 21
638 3473 665 3544 3)
679 3473 708 3529 A
730 3471 741 3546 11
762 3471 798 3528 28
817 3472 928 3544 spectat
948 3472 1021 3544 qaod
1041 3472 1122 3530 Gertr

83 3540 206 3599 addam
220 3548 295 3613 port
319 3542 351 3600 r‘n
380 3542 501 3602 theatris
535 3513 657 3619 (desidet
682 3545 819 3602 Erasmus
845 3542 959 3615 plaudit
983 3544 1122 3617 Medeia),

22 3646 32 3803 l
