2438 3846
119 133 186 199 202
311 129 341 186 E.
356 128 499 184 ANNAEI
517 127 682 184 SENECAE
700 126 796 184 DIAL.
810 127 877 184 LIB.
892 127 953 184 Vll.

119 280 246 342 utnon
269 276 404 343 honeste
427 295 563 360 quoque.
600 295 668 339 non
689 272 782 339 video
807 274 969 359 quomodo
992 274 1056 341 ista
1073 280 1143 342 tam

119 365 247 432 diversa
273 365 308 430 in
330 363 463 430 eandem
487 363 637 450 copulam
660 362 846 428 coiciantur.
892 363 1055 450 quidest,
1083 388 1143 432 oro

119 476 193 539 vos,
215 477 272 521 cur
295 453 436 539 separari
457 452 606 538 voluptas
622 463 650 516 'a
671 452 790 518 virtute
812 474 880 518 non
901 452 1027 539 possit?
1055 455 1143 521 vide

118 543 210 628 licet,
238 543 315 628 quia
342 564 438 608 omne
464 542 558 607 bonis
586 564 627 607 ex
648 541 768 607 virtute
789 541 985 627 principium
1008 548 1071 628 est,
1102 568 1143 610 ex

118 633 216 698 huius
245 632 406 698 radicibus
435 630 531 696 etiam
558 653 610 714 ea,
639 653 721 715 quae
748 651 806 696 vos
834 636 866 696 et
895 631 1010 696 amatis
1033 637 1066 698 et
1089 657 1143 699 ex·
1174 655 1187 695 s

118 721 246 807 petitis,
275 719 445 787 oriuntur?
494 718 550 784 sed
579 719 609 784 si
637 718 700 784 ista
727 719 898 786 indiscreta
925 724 1044 805 essent,
1072 744 1142 788 non

119 809 299 876 videremus
310 809 466 895 quasdam
476 808 616 874 iucunda
625 808 680 873 ed
690 806 974 894 <non>honesta‚
982 811 1141 894 quaedam

118 921 195 965 vero
227 898 455 964 honestissima
486 897 542 962 ssd
572 917 697 983 aspera,
728 919 787 982 per
816 897 942 965 dolores
975 898 1141 986 exigenda.

84 1003 100 1052 a
119 988 208 1054 adice
231 1009 332 1071 nuno,
355 986 442 1072 quod
459 987 609 1072 voluptas
628 986 725 1051 etiam
743 987 783 1052 ad
801 986 902 1052 vitam
919 988 1142 1073 turpissimam

118 1077 220 1161 venit,
243 1080 277 1142 at
298 1077 401 1144 virtus
423 1077 543 1141 malam
565 1075 666 1140 vitam
683 1096 751 1140 non
768 1075 924 1161 admittit,
946 1081 978 1142 et
996 1077 1141 1145 infelices
1160 1098 1187 1140 se

119 1166 250 1251 quidam
268 1187 335 1231 non
354 1165 422 1230 sine
439 1165 620 1250 voluptate,
639 1163 740 1230 immo
759 1165 800 1231 ob
819 1165 922 1250 ipsam
940 1167 1142 1252 voluptatem

118 1259 208 1340 sunt,
235 1254 322 1341 quod
349 1276 416 1320 non
443 1255 599 1338 eveniret,
629 1253 658 1319 si
679 1253 794 1319 virtuti
818 1275 852 1320 se
874 1255 1024 1341 voluptas
1046 1255 1142 1322 inmi-

83 1358 100 1408 s
119 1344 268 1428 seuisset,
285 1366 350 1429 qua
362 1343 464 1408 vietus
481 1363 575 1429 saepe
590 1346 690 1428 caret,
706 1364 884 1429 numquam
897 1343 1030 1431 indiget
1062 1345 1142 1430 quid

119 1433 307 1517 dissimilia,
327 1433 428 1498 immo
452 1431 577 1498 diversa
599 1431 816 1517 componitis?
861 1433 963 1498 altum
986 1433 1142 1519 quiddam

118 1526 168 1588 est
194 1523 311 1606 virtus,
337 1522 499 1588 excelsum
526 1524 558 1587 et
580 1523 702 1608 regale,
728 1520 900 1606 invictum,
924 1520 1142 1609 infatigabiles
1160 1542 1187 1584 m

117 1613 268 1696 voluptas
295 1610 432 1694 humile,
461 1610 589 1695 servile,
616 1609 818 1694 inbecillum,
846 1611 1015 1695 caducum,
1046 1612 1141 1678 cuius

117 1700 214 1766 statio
233 1722 271 1767 ac
290 1699 489 1765 domicilium
507 1699 645 1766 fornices
664 1702 697 1764 et
714 1699 853 1784 popinae
867 1704 949 1766 sunt.
986 1700 1142 1770 virtutem

117 1789 153 1854 in
188 1789 311 1874 templo
344 1788 528 1873 convenies,
562 1787 598 1853 in
628 1788 716 1872 foro,
752 1788 912 1874 incuria,
946 1811 1006 1876 pro
1038 1789 1142 1856 muris

118 1881 271 1962 steatom,
297 1878 568 1963 pulverulentam,
595 1876 785 1962 coloratam,
808 1878 944 1945 callosas
966 1876 1141 1944 habentein

117 1989 246 2032 manus:
268 1967 468 2053 voluptatem
490 1966 672 2032 latitantem
695 1967 822 2052 saepius
846 1988 884 2033 ac
901 1968 1047 2034 tenebras
1067 1989 1140 2052 cap·
1160 1988 1187 2030 su

117 2060 240 2122 tantem
277 2056 362 2123 circa
396 2055 524 2122 balinea
560 2077 598 2121 ac
634 2055 798 2121 sudatoria
833 2078 871 2123 ac
901 2056 974 2123 losa
1003 2056 1141 2123 aedilem

118 2145 307 2229 metuentia,
344 2146 489 2229 mollem,
525 2167 688 2229 enervem,
723 2167 811 2211 mero
844 2149 940 2231 atque
972 2150 1140 2234 unguento

117 2234 314 2319 madentem,
354 2235 508 2321 pallidam
549 2237 606 2300 aut
646 2235 789 2301 fucatam
825 2239 858 2300 et
898 2232 1140 2302 medicamentis

81 2323 316 2410 apollinctam.
371 2345 534 2390 summum
570 2323 694 2389 bonum
724 2324 906 2390 immortale
938 2329 1001 2409 est,
1036 2325 1142 2391 nescit

118 2414 203 2479 exire
236 2434 296 2479 nee
330 2413 510 2478 satietatem
544 2412 643 2479 habet
675 2434 735 2478 nec
769 2413 1011 2496 paenitentiam:
1046 2436 1141 2480 num·
1160 2433 1188 2476 ss

118 2524 215 2587 quam
238 2501 324 2566 enim
351 2506 439 2568 recta
461 2523 551 2567 mens
573 2502 710 2567 vertitur
731 2522 792 2567 nec
814 2501 877 2567 sibi
900 2503 973 2568 odio
1002 2507 1052 2570 est
1078 2525 1140 2571 nec

118 2592 291 2676 quicquam
322 2592 460 2657 mutavit
491 2613 513 2656 o
539 2593 606 2658 sito
638 2591 774 2677 optima3
806 2595 840 2657 at
871 2593 1020 2677 voluptas
1051 2596 1142 2677 tuno,

117 2703 191 2747 cum
221 2679 360 2746 maxime
390 2681 540 2764 delectat,
569 2681 783 2767 extinguitur,
810 2702 880 2746 non
908 2681 1046 2747 multum
1073 2682 1140 2749 loci

116 2769 226 2855 habet,
248 2769 358 2854 itaque
381 2771 446 2837 cito
469 2770 572 2856 inplet
595 2774 627 2836 et
648 2770 755 2836 taedio
779 2773 828 2836 est
850 2773 883 2836 ct
905 2773 981 2856 post
997 2770 1141 2857 primum

206 2999 223 3054 l
246 2999 303 3053 ista
325 3000 385 3054 tam
404 3000 502 3055 Mouet
525 2999 611 3053 istam
630 2998 672 3054 A¹
689 2999 746 3053 ista
759 2997 802 3053 A⁶
822 2997 836 3082 J!
862 2999 878 3054 7
896 3015 962 3054 non
983 2998 1102 3054 honesta
1121 3013 1140 3056 ς

115 3071 236 3126 honesta
256 3072 285 3127 A
309 3070 460 3126 inhonesta
485 3071 538 3125 olii
560 3083 577 3124 s
599 3070 611 3143 Η
637 3069 656 3125 8
679 3069 876 3125 honestissime
897 3070 926 3126 A
950 3087 1020 3127 corr.
1040 3070 1109 3142 volo.
1128 3072 1140 3145 ΙΙ

116 3141 152 3197 18
170 3158 200 3215 sq
218 3143 351 3212 peccaret
368 3141 410 3197 A¹
428 3157 495 3213 sepe
514 3142 593 3196 caret
610 3140 696 3211 A’(?)
716 3140 728 3214 ΙΙ
751 3140 787 3196 ls
806 3139 958 3197 callosass
975 3140 1068 3212 gallaa
1082 3143 1111 3199 A
1128 3152 1140 3209 u
1204 3155 1208 3164 ·

115 3212 152 3268 23
169 3213 299 3284 fugatam
317 3219 350 3269 ct
367 3213 421 3268 oid.
437 3213 479 3269 A¹
492 3229 561 3268 corr.
576 3212 619 3269 A⁶
635 3211 700 3285 {125
717 3212 922 3282 poeniteutiam
938 3215 1007 3284 vulp.
1026 3213 1139 3283 patien-

115 3284 187 3340 tiam
207 3286 236 3341 A
253 3284 264 3358 fl
281 3284 316 3339 27
335 3286 428 3339 mutat
446 3300 464 3338 a
481 3285 541 3338 vita
560 3284 668 3353 optima
689 3284 831 3346 Rossbach
854 3285 914 3340 soll.
932 3301 963 3355 p.
982 3288 1067 3354 203,8
1091 3286 1140 3342 ssd

115 3357 236 3410 mutavit
260 3356 434 3411 retinendum
459 3362 499 3410 est
522 3355 647 3409 mutauit
672 3355 781 3425 optima
800 3356 829 3411 A
856 3356 978 3411 mutavit
1002 3371 1020 3409 a
1045 3356 1138 3426 primo

118 3427 228 3484 Gronov
254 3427 348 3481 mutat
371 3441 388 3480 a
410 3427 457 3481 via
482 3427 591 3496 optima
612 3427 733 3498 Madvig
756 3428 853 3482 mutat
871 3428 905 3481 nt
926 3426 1036 3496 optima
1056 3427 1139 3484 Gertz

101 3499 234 3552 mutarit
250 3499 383 3566 optatum
403 3497 543 3555 Schultess
