2438 3846
160 149 211 204 AD
230 148 402 205 MAROIAM
420 148 469 204 DE
489 146 769 204 CONSOLATIONE
789 147 865 205 CAP.
882 157 905 204 5.
922 156 946 204 6.
963 156 977 204 7
1032 153 1095 218 159

68 300 146 381 post
174 296 254 361 haec
283 294 424 361 ostendit
453 295 502 360 illi
532 295 637 361 filium
661 295 869 379 incolumem,
893 296 1034 361 ostendit
1056 319 1096 363 ex

69 388 359 540 amestilmffituirsn
391 474 474 557 illic,
509 472 644 559 Marcia,
680 474 848 560 negotium
882 478 1003 558 actum,
1035 476 1128 542 tibil

68 563 173 630 Meus
203 563 342 648 adsedit3
370 568 460 629 muta
490 584 661 646 personam
692 599 739 610 -
769 568 801 628 te
830 565 1015 629 consolatus
1039 570 1095 629 est.

36 652 126 720 used
156 657 249 737 puta,
286 653 420 736 Marcia,
456 656 603 737 ereptum
635 653 695 717 tibi
728 653 866 738 amplius
900 676 996 737 quam
1029 655 1097 718 ulla

67 763 223 826 umquam
245 747 348 808 mater
370 742 513 808 amiserit
539 779 582 790 -
609 764 677 806 non
699 744 883 826 permulceo
906 746 938 807 te
961 765 1021 807 nec
1044 766 1096 807 ex-

67 836 167 897 tenuo
191 833 407 897 calamitatem
429 834 519 897 tuam
540 852 598 895 -ι
621 832 648 896 si
671 831 801 896 fletibus
824 831 891 895 fata
914 833 1096 916 vincuntur,

68 921 285 1004 conferamus3
315 924 367 986 cat
394 922 500 986 omnis
528 921 612 986 inter
633 922 741 986 luctus
765 920 845 1005 dies,
875 924 1004 986 noctem
1028 922 1131 987 siner

69 1031 183 1076 somno
212 1011 346 1075 tristitia
375 1013 558 1094 consumat3
590 1011 778 1096 ingerantur
803 1011 944 1075 lacerato
972 1012 1096 1094 pectori

23 1124 51 1165 ro
68 1121 183 1164 manus
211 1104 244 1164 et
271 1099 305 1164 in
329 1100 435 1184 ipsam
458 1099 574 1166 faciem
596 1099 725 1184 inpetus
748 1100 806 1164 fiat
829 1104 926 1184 atque
950 1101 1039 1164 omni
1063 1122 1096 1164 sc

69 1210 184 1276 genere
215 1189 366 1254 saevitiae
395 1188 600 1274 profecturus
630 1210 755 1254 maeror
784 1194 937 1254 exerceat.
985 1189 1040 1253 sed
1069 1191 1097 1253 si

68 1277 168 1342 nullis
197 1279 381 1363 planctibus
411 1277 563 1343 defuncta
592 1282 798 1361 revocantur,
828 1278 855 1342 si
879 1300 948 1344 sors
973 1279 1097 1342 inmota

68 1371 102 1431 et
133 1368 169 1431 in
199 1371 364 1433 aeternum
396 1367 462 1432 fixa
492 1367 584 1432 nulla
615 1367 745 1432 miseria
773 1371 917 1432 mutatur
947 1372 979 1432 et
1009 1389 1095 1432 mors

67 1457 173 1521 tenuit
196 1456 350 1540 quicquid
371 1456 518 1540 abstulit,
537 1455 663 1521 desinat
680 1455 774 1521 dolor
792 1457 849 1539 qui
867 1457 959 1540 perit.
997 1479 1095 1540 quare
1115 1473 1130 1521 3

24 1569 50 1611 is
69 1568 218 1632 regamur
246 1567 307 1610 nec
335 1567 396 1610 nos
426 1546 489 1611 ista
511 1546 560 1610 vis
584 1549 784 1611 transversos
807 1544 944 1610 auferat!
990 1547 1095 1630 turpis

69 1639 118 1700 est
140 1635 262 1720 navigii
285 1639 404 1719 rector,
428 1635 480 1700 cui
504 1635 722 1721 gubernacula
744 1634 862 1700 fluctus
883 1635 1015 1719 cripuit,
1040 1636 1094 1719 qui

68 1723 252 1788 fluvitantia
273 1726 346 1789 vela
369 1724 521 1808 deseruit,
547 1724 695 1808 permisit
716 1724 901 1808 tempestati
924 1728 1039 1806 ratem3
1063 1728 1096 1787 at

69 1812 124 1876 ills
160 1813 212 1877 vel
249 1813 283 1877 in
318 1813 489 1899 naufragio
525 1812 705 1878 laudandus
739 1833 834 1897 quem
868 1813 975 1877 obruit
1008 1835 1095 1877 mara

69 1902 197 1967 clavum
220 1905 382 1967 tenentem
406 1907 439 1967 et
462 1902 626 1968 obnixum.

23 2015 51 2057 ao
158 1989 231 2056 VII.
268 1989 325 2056 ‘At
353 1992 439 2055 enim
469 1993 615 2056 naturale
646 1991 839 2056 desiderium
867 2013 999 2055 suorum
1027 1990 1128 2055 est'l

69 2079 143 2164 quis
174 2084 286 2166 negat,
318 2102 414 2165 quam
447 2078 503 2144 diu
535 2081 697 2146 modicum
730 2079 800 2144 est?
846 2102 921 2144 nam
945 2079 1095 2163 discessu,

67 2190 135 2234 non
158 2169 264 2234 solum
288 2170 459 2236 amissione
482 2169 722 2234 carissimorum
744 2169 942 2234 necessarius
968 2190 1095 2233 morsus

68 2260 119 2322 est
136 2260 169 2322 et
186 2257 446 2324 firmissimorum
464 2279 594 2342 quoque
613 2258 795 2322 animorum
814 2258 1002 2322 contractio.
1041 2257 1095 2322 sed

69 2347 143 2431 plus
173 2349 223 2411 est
250 2346 337 2430 quod
365 2348 476 2431 opinio
500 2346 599 2411 adicit
622 2368 720 2430 quam
743 2346 831 2431 quod
854 2352 971 2410 natura
996 2347 1095 2430 impe-

23 2459 51 2501 ra
68 2436 160 2501 ravit.
202 2438 309 2520 aspice
332 2440 496 2501 mutorum
515 2435 702 2500 animalium
726 2457 823 2519 quam
847 2436 1007 2500 concitata
1031 2437 1129 2500 sinte

69 2522 226 2589 desideria
258 2529 290 2590 et
322 2529 429 2590 tamen
461 2547 559 2609 quam
590 2524 713 2589 brevia:
750 2546 920 2590 vaccarum
950 2546 1014 2588 uno
1044 2524 1095 2589 die

68 2614 210 2678 alterove
240 2615 383 2700 mugitus
413 2612 556 2698 auditum,
583 2634 643 2679 nec
670 2612 791 2677 diutius
815 2635 969 2698 equarum
993 2635 1094 2698 vagus

68 2702 125 2767 ille
154 2723 327 2786 amensque
356 2702 519 2768 discursus
550 2706 613 2786 est,
642 2701 727 2766 ferae
752 2723 825 2766 cum
848 2702 985 2787 vestigia
1008 2707 1095 2766 catu-

67 2792 175 2856 lorum
198 2795 398 2856 consectatae
422 2794 497 2856 sunt
515 2794 548 2857 et
566 2793 664 2856 silvas
683 2795 889 2876 pervagatae,
908 2812 981 2856 cum
1000 2813 1094 2875 saepe

159 2947 177 3002 4
196 2948 358 3004 consulatus
377 2948 419 3004 A¹
442 2965 510 3004 corr.
530 2947 573 3002 A²
596 2949 607 3021 Η
631 2947 649 3004 8
668 2947 845 3003 conferamus
864 2950 892 3002 A
913 2949 980 3017 (scil.
1001 2947 1093 3016 fletus)

68 3019 232 3086 restiterim
250 3019 421 3074 confleamus
442 3022 597 3088 Opsopoeaa
619 3019 629 3092 tt
651 3019 687 3074 14
705 3020 799 3075 tenuit
812 3021 840 3074 A
858 3021 938 3073 tenet
956 3033 972 3073 ς
991 3021 1095 3073 retinet

69 3089 253 3157 Cornelissen,
271 3091 349 3146 houd
365 3093 422 3146 reio
439 3109 478 3146 aa
496 3091 623 3160 deceptus
641 3108 673 3146 ca
691 3094 845 3161 scriptura,
864 3108 947 3160 qaam
960 3107 994 3144 ca
1007 3103 1094 3144 unos·

68 3161 182 3218 Fickert
198 3167 225 3217 ct
237 3162 336 3218 Haase
348 3178 495 3231 perperam
509 3168 681 3230 receperant:
698 3162 793 3217 renuit
810 3162 820 3235 Η
838 3162 872 3217 17
892 3160 1054 3215 fluuitantia
1066 3163 1095 3216 A

69 3233 106 3300 cs.
120 3248 161 3302 ep.
172 3249 202 3303 p.
212 3237 274 3301 145,
285 3238 336 3301 16;
350 3238 410 3300 147,
421 3239 454 3301 c,·
468 3238 588 3300 171,11;
600 3237 690 3299 naa
705 3234 716 3305 p
734 3233 770 3288 18
788 3248 866 3287 mare
884 3250 905 3287 s.
918 3250 942 3287 v.
953 3233 1018 3287 aad.
1030 3231 1073 3287 A’
1085 3232 1095 3304 p

69 3302 105 3358 19
129 3303 240 3359 clarum
258 3305 397 3360 Erasmus
419 3319 521 3358 nauem
541 3306 569 3359 A
591 3304 601 3376 lt
626 3304 660 3359 21
682 3307 770 3375 negat
788 3321 822 3360 ac
840 3305 924 3359 necat
941 3321 1010 3359 corr.
1025 3303 1092 3374 A¹1

69 3373 196 3429 discam
209 3375 238 3431 A
256 3376 286 3430 in
305 3375 337 3429 d·
355 3377 493 3432 Erasmus
511 3391 545 3429 ex
565 3375 596 3428 d·
615 3389 632 3428 ς
648 3376 661 3448 Η
677 3374 713 3430 24
731 3375 808 3444 quod
826 3375 922 3444 opinio
939 3376 970 3429 F
986 3383 1012 3430 ct
1024 3375 1092 3446 aotp.

69 3460 156 3572 ἓοιιὲιέι
165 3446 379 3574 pplinipmAuflrtt
394 3461 530 3515 equarum
544 3463 613 3503 corr.
629 3463 664 3502 aa·
677 3463 812 3514 equorum
823 3448 899 3502 ΑΜ
912 3445 922 3517 tt
940 3444 976 3500 29
990 3461 1056 3514 sepe
1066 3447 1094 3500 A

186 3533 202 3573 o
221 3561 226 3572 .
