2438 3846
223 184 274 239 AD
293 183 464 240 Mincium
482 184 532 240 DE
551 180 830 240 CONSOLATIONE
851 184 927 241 csP.
945 191 978 241 16
1049 189 1113 254 173

93 335 128 397 et
145 330 293 397 acerbam
312 334 449 396 mortem
463 329 523 395 filii
537 334 570 396 et
583 330 720 397 inultum
735 335 802 397 tam
817 351 936 417 magno
951 329 1113 416 (animo)

90 420 182 504 tulit,
212 441 309 504 quarn
337 420 407 504 ipse
435 419 524 505 leges
553 421 680 486 tulerat.
726 419 790 485 iam
821 441 895 485 cum
922 420 1053 485 fortuna
1080 421 1149 488 ino

150 510 243 594 tiam,
265 507 401 593 Marcis,
422 508 606 593 reverteris,
631 509 659 574 si
681 509 759 593 tels,
783 531 865 594 quse
889 509 924 573 in
948 508 1114 594 Scipiones

91 531 345 683 {dipionumque
370 600 488 663 matres
512 619 550 664 sc
572 598 655 663 filius
679 598 800 684 exegit,
823 598 940 682 quibus
964 596 1115 664 Caesares

59 691 188 773 spetit,
219 707 260 754 ne
289 711 309 752 s
337 691 370 753 te
401 687 531 771 quidem
563 687 745 754 continuit?
803 689 901 773 plens
932 692 965 753 et
996 687 1116 756 infeste

90 776 188 843 variis
216 776 342 843 casibus
365 775 434 842 vita
459 781 522 861 est,
549 798 569 841 s
592 776 709 861 quibus
732 777 815 842 nulli
838 778 937 864 longo
959 799 1036 862 pax,
1060 776 1116 842 rix

89 866 234 932 indutiae
267 868 352 932 sunt.
412 869 567 951 quattuor
601 867 721 932 liberos
759 866 949 950 sustuleras,
984 866 1115 932 Marcia.

90 956 217 1021 nullum
240 955 332 1021 aiunt
353 956 474 1020 frustra
497 955 609 1021 cedere
631 956 748 1040 telum,
771 956 859 1040 quod
879 955 914 1021 in
932 956 1114 1022 confertum

90 1067 207 1133 agmen
235 1045 406 1110 inmissum
436 1047 498 1110 est:
530 1043 649 1109 mirum
677 1048 726 1110 est
748 1048 872 1111 tantam
895 1045 1024 1111 turbem
1047 1067 1115 1111 non

45 1160 72 1201 so
90 1133 235 1219 potuisse
257 1133 326 1199 sine
349 1132 471 1199 invidis
494 1133 652 1200 dsmuove
675 1133 897 1218 praetervehi?
934 1134 1037 1201 adhoc
1056 1135 1115 1199 ini·
1133 1151 1149 1201 6

91 1222 186 1308 quior
207 1223 339 1288 fortuna
361 1223 438 1308 fuit,
461 1222 549 1306 quod
566 1244 634 1289 non
652 1227 780 1289 tantum
799 1223 918 1308 eripuit
935 1224 1036 1308 filios,
1059 1222 1115 1289 sed

90 1313 196 1398 elegit.
251 1335 430 1397 numquam
462 1315 572 1378 tumen
604 1311 755 1378 iniurium
789 1312 906 1378 dixeris
938 1335 980 1378 ex
1011 1334 1114 1397 nequo

90 1422 165 1466 curn
196 1402 379 1487 potentiore
412 1401 567 1468 dividere:
599 1402 679 1467 duas
710 1401 772 1467 tibi
802 1401 936 1486 reliquit
965 1403 1049 1468 filias
1083 1406 1116 1468 et

89 1491 204 1556 harum
226 1494 375 1576 nepotes3
401 1493 433 1556 et
456 1492 576 1575 ipsum,
601 1513 697 1574 quem
721 1491 860 1557 maxime
882 1492 974 1577 luges
998 1491 1114 1577 prioris

43 1579 206 1664 inoblita,
227 1602 295 1646 non
318 1603 359 1646 ex
379 1583 450 1646 toto
474 1580 624 1646 abstulit:
650 1579 750 1646 hebes
774 1602 815 1645 cx
837 1580 894 1645 illo
919 1580 997 1646 dues
1021 1581 1116 1665 filios,

90 1669 119 1734 si
151 1670 234 1735 male
265 1669 345 1754 fers,
376 1691 494 1756 magun
526 1691 637 1754 onera,
667 1669 695 1734 si
721 1669 817 1753 bene,
846 1691 964 1756 magns
986 1670 1114 1735 solsc'ia.

89 1758 126 1823 in
156 1759 219 1824 hoc
250 1762 283 1824 te
315 1758 450 1843 perduc,
478 1762 517 1824 ut
545 1757 618 1824 illos
648 1779 723 1824 oum
752 1758 884 1843 videris,
913 1759 1114 1825 admonearis

88 1847 164 1932 filii,
185 1870 253 1914 non
275 1846 410 1914 dolorisl
447 1848 589 1936 agricola
611 1848 730 1914 eversis
754 1847 935 1933 arboribus,
959 1869 1039 1933 ques
1058 1851 1149 1914 euti

88 1939 204 2002 ventus
227 1937 381 2002 radicitus
405 1937 521 2017 evolsit
539 1940 603 2023 aut!
614 1941 783 2004 contortus
800 1937 970 2022 repentino
988 1937 1115 2023 impetu

43 2051 70 2094 so
89 2025 185 2092 turbo
208 2026 397 2113 praefregit,
420 2026 566 2092 sobolem
590 2049 630 2092 ex
652 2027 717 2092 illis
739 2026 902 2092 residuam
920 2027 1011 2092 fovet
1029 2030 1062 2092 et
1079 2026 1115 2091 in

89 2115 261 2181 scissuram
291 2116 415 2182 semine
444 2116 554 2182 statim
581 2117 775 2201 plantusque
799 2116 955 2201 disponit3
985 2120 1018 2181 et
1047 2138 1114 2180 mo·

88 2207 199 2270 mento
223 2201 313 2292 (num
336 2207 373 2270 nt
396 2205 437 2271 sd
460 2204 591 2288 dumne,
614 2205 661 2271 its
683 2204 723 2270 ad
746 2205 944 2271 incrementa
964 2205 1114 2289 rapidum

88 2294 248 2378 veloxque
271 2298 400 2379 tempus
424 2291 488 2381 est)
511 2294 701 2361 adolescunt
723 2294 850 2361 emissis
872 2295 1015 2360 laetiora,
1054 2294 1150 2360 hess

87 2403 175 2453 nuno
204 2382 320 2449 Metilii
349 2383 399 2450 tui
427 2383 511 2449 filins
540 2383 577 2449 in
604 2383 672 2449 eius
695 2384 799 2450 ricem
823 2384 983 2451 substitue
1006 2386 1039 2448 et
1062 2405 1115 2448 vs·

42 2497 69 2539 ss
89 2475 216 2538 cuntem
234 2473 343 2539 locum
362 2473 455 2558 exple
475 2476 508 2539 et
525 2495 628 2540 unum
646 2473 790 2539 dolorem
809 2472 973 2560 geminato
993 2472 1113 2539 solacio

87 2561 172 2628 levat
227 2566 276 2628 est
308 2562 439 2648 quidem
470 2563 551 2629 hacc
582 2566 698 2629 nutura
730 2563 930 2648 mortalium,
962 2566 1000 2628 ut
1031 2562 1115 2628 nihil

177 2703 194 2758 1
216 2702 339 2758 inultam
358 2704 427 2775 sely.
451 2703 482 2758 in
503 2704 567 2758 uits
585 2704 613 2759 A
641 2704 644 2772 l
671 2706 733 2758 tom
751 2720 772 2759 s.
786 2722 811 2759 c.
826 2704 890 2758 odd.
911 2703 953 2759 Αι
977 2703 981 2776 l
1008 2720 1057 2758 mu
1078 2721 1114 2759 no

86 2773 214 2830 animos
231 2791 335 2845 magno
349 2775 378 2830 A
397 2776 458 2845 (cfr.
472 2775 541 2831 dial.
556 2777 612 2830 111
625 2779 672 2843 20,
684 2779 713 2844 8)
736 2774 746 2847 Η
770 2774 788 2830 4
811 2774 884 2830 filius
903 2776 1021 2845 Lipsius
1074 2775 1114 2831 ‘os

86 2846 116 2902 A
133 2845 144 2919 ll
163 2844 182 2902 8
199 2847 295 2902 verba:
313 2845 419 2901 frustra
438 2864 461 2901 c.
476 2848 496 2901 t.
513 2864 539 2916 q.
554 2845 573 2902 i.
589 2847 746 2902 confertum
765 2848 797 2902 iu
814 2864 899 2918 murp.
915 2847 981 2904 add.
996 2845 1116 2975 11²(st

86 2916 124 2972 10
141 2915 253 2972 inuidis
271 2917 303 2987 ξπ
320 2934 376 2973 ras.
390 2917 434 2973 Αι
451 2917 589 2973 iniurius
609 2918 612 2989 l
635 2918 727 2974 sdhoc
740 2919 768 2974 A
787 2919 860 2989 quod
875 2920 993 2987 reticem
1011 2919 1061 2987 cfr.

87 2989 156 3044 dial.
174 2989 305 3058 mus
327 2996 384 3045 ete
467 2993 560 3059 57,s;
579 2995 688 3060 101,15
712 2992 744 3046 et
760 2991 845 3046 hocs
863 2997 889 3046 et
906 2991 966 3046 edd.
992 2989 1002 3063 ll
1028 2989 1062 3046 18
1085 2991 1115 3046 et

86 3077 109 3116 s.
124 3076 147 3116 o.
167 3060 233 3134 add.
255 3060 299 3116 A’
324 3059 335 3134 Η
361 3061 378 3116 l
421 3065 476 3130 qni
497 3061 541 3117 A·
568 3077 623 3135 que
646 3062 689 3118 A¹
715 3061 725 3134 ll
752 3061 788 3117 16
813 3061 838 3117 si
862 3062 938 3117 mole
963 3060 1020 3118 fers
1044 3063 1113 3146 oolq.

86 3129 401 3204 simsss‘sqfersw
419 3131 429 3206 Η
452 3132 487 3216 ,17
506 3133 613 3202 perduc
633 3133 935 3218 Hoffmqysr-Hnuscu'
952 3132 1062 3203 perdux
1074 3134 1115 3216 ·(1t

85 3217 183 3330 ‘u
191 3203 345 3261 ὠ
353 3203 576 3331 1³¹
605 3222 975 3360 μω(
991 3202 1114 3332 riu

86 3345 205 3416 Lipsius
242 3346 273 3401 in
287 3345 589 3404 scissursm‘dotultsss
606 3363 637 3401 m
650 3345 837 3402 missurumA
851 3347 882 3402 in
896 3347 1064 3403 emissurum
1075 3347 1114 3418 (s)

86 3414 182 3472 locuni
231 3419 237 3432 ’
284 3423 310 3474 rt
332 3416 363 3472 in
380 3417 471 3474 vicem
489 3416 657 3474 smissmnm
677 3417 760 3476 (loris
778 3420 871 3488 (1889)
893 3418 904 3492 ll
927 3417 963 3474 21
987 3417 1114 3489 disponit

85 3503 150 3544 cum
162 3487 192 3544 A
204 3486 342 3546 Saluum
355 3487 396 3552 (in
410 3487 531 3544 scissuri
546 3529 588 3546 ...
603 3488 730 3562 disponit
743 3489 829 3563 Raeti
847 3488 918 3560 dep·
936 3488 1139 3554 Messium&

86 3555 123 3616 25
141 3556 232 3631 exple.
261 3560 291 3617 st
307 3575 395 3617 unum
409 3559 437 3618 A
452 3560 603 3636 murum
622 3568 707 3638 utque
725 3564 759 3622 et
775 3563 811 3622 in
827 3578 891 3622 ros.
903 3575 962 3618 scr.
979 3557 1035 3626 m
