2438 3846
352 689 393 761 u.
421 689 614 763 Arnim
642 689 863 764 snuusln

192 866 688 967 DIALOGORVM
714 868 936 968 LIBER
963 871 1027 969 H.

507 1041 550 1082 An
565 1042 714 1083 SERENVM

193 1165 267 1222 nnc
284 1165 459 1221 mwnnu
476 1165 551 1222 uns
568 1165 838 1228 eorrvnurnn
857 1167 1035 1224 securim
1132 1155 1135 1160 ’

502 1273 720 1330 surmursn.

390 1419 439 1470 (nn
455 1418 652 1460 eorsrnurm
666 1419 836 1472 sirmiensi

186 1545 211 1610 Ι.
235 1545 376 1611 Tantum
395 1547 480 1611 inter
494 1545 636 1631 Stoicos,
655 1545 788 1632 Serene,
807 1553 840 1613 et
858 1554 982 1614 ceteros
1001 1549 1126 1634 sapien·
1146 1567 1159 1613 1

96 1637 176 1701 tiam
195 1635 358 1719 professos
376 1637 531 1701 interesse
546 1641 705 1721 quantum
724 1638 809 1702 inter
822 1638 960 1703 feminas
975 1642 1008 1704 et
1022 1661 1126 1704 mares

96 1748 164 1791 non
195 1725 346 1790 inmerito
380 1725 530 1810 dixerim,
562 1747 636 1791 oum
669 1730 806 1811 utraque
838 1728 935 1792 turba
967 1729 1008 1792 ad
1040 1729 1127 1794 vitoe

96 1815 285 1881 societatem
317 1815 508 1880 tantundem
536 1816 695 1901 conferat,
718 1816 774 1882 sed
797 1818 899 1882 altera
916 1839 991 1903 pers
1011 1818 1051 1882 ad
1070 1819 1126 1884 ob-

65 1905 311 1990 ssequendum,
341 1907 442 1970 altera
472 1906 607 1990 imperio
637 1911 715 1971 neta
745 1907 795 1972 sit.
842 1909 940 1972 eeteri
963 1908 1125 1992 sapientes

97 1995 239 2059 molliter
271 1999 305 2060 et
336 1996 468 2079 blande,
500 2000 537 2060 ut
573 1995 640 2061 fere
675 1996 844 2062 domestici
881 2001 914 2062 et
950 1997 1125 2062 familiares

97 2085 213 2149 medici
243 2085 348 2171 aegris
372 2085 577 2170 corporibus,
605 2108 673 2150 non
701 2108 765 2171 qua
789 2087 949 2171 optimum
973 2091 1007 2152 et
1029 2088 1126 2153 seler-

95 2173 214 2239 rimum
245 2178 295 2239 est
325 2175 495 2240 medentur
522 2176 578 2240 sed
602 2198 667 2260 qua
689 2177 779 2260 lieet3
803 2175 905 2242 Stoioi
928 2177 1055 2242 virilem
1078 2177 1126 2241 in-

95 2264 199 2351 gressi
222 2263 307 2329 viam
335 2287 402 2329 non
429 2269 467 2329 ut
489 2287 626 2330 amoena
647 2266 836 2331 ineuntibus
859 2267 1008 2331 videatur
1030 2289 1125 2331 surae

51 2373 77 2411 10
95 2353 232 2438 hebent,
258 2355 314 2419 sed
342 2359 380 2419 ut
410 2377 507 2439 quam
530 2355 673 2441 primum
695 2377 756 2420 nos
780 2357 897 2440 eripiat
919 2361 952 2422 et
973 2357 1009 2421 in
1031 2357 1124 2420 illum

95 2443 220 2508 editum
242 2445 396 2509 verticem
427 2445 557 2529 educat,
586 2446 643 2529 qui
675 2445 755 2509 adeo
789 2450 880 2510 extra
907 2468 1037 2510 omnem
1067 2446 1126 2511 teli

95 2534 217 2597 iactum
241 2534 395 2616 surrexit,
417 2538 456 2598 ut
479 2556 577 2619 supra
599 2535 765 2600 fortunam
790 2535 937 2600 emineat.
965 2535 1011 2600 ‘at
1025 2535 1161 2600 orduan

94 2645 154 2707 per
186 2644 268 2707 quae
296 2644 451 2688 vocamur
480 2626 513 2688 et
543 2624 737 2711 confragosa
768 2624 864 2689 sunt'
910 2624 989 2708 quid
1018 2625 1126 2691 enim?

94 2713 193 2797 pleno
226 2712 334 2776 aditur
361 2713 546 2777 excelsum?
591 2715 648 2778 sed
675 2718 807 2779 netem
832 2714 971 2798 abrupta
995 2715 1126 2798 quidem

51 2816 76 2858 1⁵
94 2805 172 2866 sunt
205 2823 303 2886 quam
332 2801 462 2885 quidam
490 2807 617 2887 putant.
666 2803 773 2889 prime
800 2808 927 2868 tantum
950 2825 1025 2888 pars
1049 2825 1128 2869 saxo

93 2912 256 2976 rupesque
285 2891 400 2960 habet,
417 2896 450 2956 et
479 2892 560 2957 invii
592 2895 748 2977 speeiem,
783 2894 868 2959 sieut
899 2894 1054 2978 pleraque
1086 2916 1127 2958 ex

93 2981 274 3067 longinquo
294 2981 537 3065 speoulantibus
556 2982 683 3048 abscisa
701 2988 734 3048 et
753 3005 875 3048 conexa
889 2982 992 3047 videri
1010 2983 1127 3063 solent,

114 3126 120 3137 '
161 3136 201 3192 ‘1
228 3137 332 3192 stoicos
358 3154 456 3193 serene
476 3141 504 3193 A
532 3139 609 3209 (ante
635 3157 732 3195 serene
759 3159 794 3195 m.
814 3157 866 3195 reo.
891 3157 907 3194 o
930 3158 952 3196 s.
972 3157 996 3194 o.
1015 3139 1093 3206 add.)
1113 3140 1125 3211 Η

92 3207 270 3265 Bimmerito
285 3208 328 3266 A⁶
354 3208 365 3282 ll
392 3210 410 3265 5
429 3211 517 3283 opteri
530 3212 560 3267 A
585 3210 596 3284 ll
624 3212 642 3265 6
662 3211 810 3275 blanden
834 3211 940 3267 blande
964 3212 1125 3280 <og1mt>

94 3281 175 3338 roes
192 3283 253 3338 sou.
267 3281 336 3338 asar.
352 3283 396 3339 ν]
413 3286 465 3352 1‚5
482 3281 493 3357 ῃ
518 3283 534 3338 r
553 3283 629 3354 egiss
643 3286 672 3340 A
688 3284 699 3357 p
721 3283 740 3338 o
758 3299 860 3339 amena
875 3285 903 3340 A
920 3283 931 3357 p
949 3282 985 3338 12
1003 3282 1126 3337 etardus

92 3370 163 3410 corr.
178 3371 213 3411 ex
226 3354 356 3411 odardus
370 3357 447 3412 ΑΜ
460 3354 471 3429 ΙΙ
489 3353 525 3412 14
543 3355 667 3426 obrupto
682 3373 752 3413 corr.
768 3374 803 3413 es
817 3355 921 3412 sbruts
936 3355 977 3412 A‘
989 3355 1053 3428 illis
1066 3356 1135 3421 ψᾶ-

93 3426 161 3483 dom
182 3443 251 3491 sorr,
268 3445 304 3484 es
323 3428 439 3498 quidem
454 3428 531 3483 ΑΗ
547 3427 559 3503 Η
580 3428 616 3485 lt
632 3429 896 3506 summere-‚n
909 3428 1085 3498 &ereetum
1096 3421 1170 3488 QX&

92 3497 128 3555 17
148 3496 259 3554 abscisa
276 3517 343 3557 corr.
359 3518 394 3556 es
411 3499 510 3559 absiso
526 3501 595 3573 sort.
611 3504 657 3564 Αι
677 3504 684 3584 l
705 3508 825 3565 eonexo.
840 3504 885 3564 Ar
907 3511 1053 3560 pomieno·
1067 3490 1111 3548 A*
