2438 3846
91 161 135 227 56
290 157 319 214 L.
334 157 478 213 ANNAEI
496 157 662 214 SENECAE
681 155 776 213 DIAL.
793 156 861 212 LIB.
875 157 923 212 III.

92 307 124 369 et
147 326 166 368 a
187 303 333 369 nocendo
356 302 552 369 abstinent?
597 303 729 368 faciunt.
777 302 929 387 quando?
967 324 1041 369 cum
1064 303 1119 368 ad·

91 394 194 459 fectus
217 394 412 477 repercussit
434 393 595 458 adfectum
619 395 651 456 et
673 395 730 457 aut
753 397 857 458 metus
881 395 938 458 aut
957 392 1118 477 cupiditas

91 482 214 567 aliquid
237 483 435 566 impetravit.¹
463 504 531 547 non
548 482 684 547 rationis
704 485 783 547 tunc
805 481 962 570 beneficio
986 482 1119 567 quievit,

92 571 147 638 sed
170 572 343 638 affectuum
365 571 466 637 infida
489 574 521 636 et
543 570 739 662 malapaoe.
846 619 849 624 -

56 675 71 728 1
179 659 235 726 IX.
258 659 383 726 Deinde
410 659 495 725 nihil
521 661 619 725 habet
640 660 675 724 in
699 682 733 726 se
755 660 837 724 utile
858 681 919 726 nec
941 660 1030 726 aeuit
1052 661 1118 724 ani-
1150 679 1163 721 s

90 771 180 815 mum
203 749 316 815 adres
338 750 479 816 bellicae.
524 770 703 834 numquam
726 750 812 813 enim
834 750 938 815 virtus
960 748 1042 814 vitio
1065 749 1119 814 ad·

90 839 231 904 iuvanda
262 841 311 905 est
342 862 376 904 se
408 841 567 904 contenta.
614 839 763 923 quotiens
796 839 921 923 impetu
951 860 1033 923 opus
1062 843 1119 923 est,

90 949 157 993 non
179 929 330 994 irascitur
348 928 403 994 sed
427 928 572 1014 exsurgit
595 931 627 992 et
650 929 685 993 in
708 931 866 1013 quantum
889 929 1018 1012 putavit
1036 949 1118 1012 opus

92 1039 160 1082 esse
191 1018 373 1083 concitatur
405 1018 658 1102 remittiturque,
687 1039 755 1082 non
784 1017 879 1081 aliter
911 1039 1008 1102 quam
1037 1038 1119 1101 quae

90 1108 259 1176 ‚tormentis
283 1107 508 1190 exprimuntur
529 1107 595 1172 tele
616 1107 652 1171 in
674 1109 834 1190 potestate
861 1106 1019 1172 mittentis
1043 1111 1120 1171 sunt
1138 1126 1165 1166 ro

55 1196 126 1261 ain
155 1199 313 1279 quantum
341 1199 560 1280 torqueantur.
608 1194 678 1260 ‘ira'
700 1196 808 1279 inquit
834 1193 1026 1261 Aristoteles
1055 1195 1119 1261 ‘ne-

91 1284 229 1350 cessaria
256 1287 319 1368 est,
339 1306 400 1350 neo
430 1286 604 1370 quicquam
628 1285 697 1350 sine
719 1285 777 1350 illa
800 1284 979 1370 expugnari
1001 1289 1120 1369 potest,

90 1373 155 1438 nisi
176 1373 234 1438 illa
256 1373 360 1458 inplet
389 1376 533 1439 animum
556 1378 589 1439 et
606 1375 758 1458 spiritum
781 1373 940 1458 accendit3
963 1373 1119 1438 utendum

91 1465 199 1528 autem
226 1463 283 1528 illa
306 1466 355 1529 est
376 1485 444 1528 non
466 1467 504 1528 ut
527 1463 607 1529 duce
638 1463 693 1528 sed
713 1466 759 1528 'ut
785 1462 909 1528 milite?
955 1461 1043 1546 quod
1071 1468 1120 1529 est

30 1552 31 1555 ’
91 1551 222 1617 falsum:
249 1573 326 1617 nam
356 1554 384 1617 si
407 1551 538 1617 exaudit
565 1553 724 1618 rationem
748 1553 956 1636 sequiturque
976 1574 1040 1636 qua
1063 1552 1119 1616 du·
1138 1571 1165 1613 rs

91 1641 189 1724 citur,
211 1642 276 1706 iam
295 1662 362 1706 non
381 1646 430 1707 est
447 1643 510 1725 ira,
532 1644 623 1707 euius
643 1642 812 1726 proprium
836 1646 884 1706 est
903 1642 1121 1725 contumacia3

91 1730 218 1796 sivero
250 1735 411 1816 repugnat
443 1735 475 1796 et
505 1753 573 1796 non
601 1732 658 1796 ubi
688 1732 776 1796 iussa
806 1735 855 1796 est
883 1732 1033 1814 quiescit,
1064 1732 1120 1797 sed

89 1818 224 1884 libidine
233 1821 417 1904 ferociaque
430 1821 629 1905 provehitur,
637 1823 705 1884 tam
719 1820 844 1885 inutilis
859 1821 958 1884 animi
972 1820 1120 1885 minister

55 1912 141 1975 sest
163 1931 260 1993 quam
283 1909 392 1993 miles,
415 1911 471 1994 qui
495 1911 625 1995 siguum
648 1909 793 1993 receptui
815 1909 967 1994 neglegit.
1009 1910 1120 1994 itaque

91 1998 119 2062 si
137 1998 269 2063 modum
289 1999 433 2064 adhiberi
452 1998 515 2063 sibi
532 2000 669 2083 patitur,
692 1999 757 2063 alio
775 1999 907 2063 nomine
926 1999 1121 2084 appellanda
1138 2016 1167 2058 ²⁰

91 2090 152 2170 est,
176 2088 259 2154 desit
278 2089 330 2173 ,ira
353 2110 434 2172 esse,
462 2109 560 2172 quam
584 2087 770 2153 effrenatam
794 2087 1049 2173 indomitamque
1072 2090 1120 2153 in·

90 2177 224 2263 tetleg03
247 2173 365 2242 sinon
387 2177 523 2262 patitur,
546 2178 728 2261 perniciosa
751 2181 877 2242 estnec
896 2178 980 2241 inter
999 2179 1120 2242 auxilia

54 2265 301 2332 enumeranda:
328 2267 375 2330 ita
402 2271 458 2331 aut
480 2267 529 2331 ira
550 2287 618 2331 non
642 2270 691 2331 est
713 2269 769 2330 aut
792 2266 917 2331 inutilis
941 2269 997 2331 est.
1043 2289 1120 2330 nam

91 2356 119 2421 si
150 2356 222 2441 quis
252 2375 390 2440 poenam
421 2356 522 2441 exigit
550 2376 619 2420 non
645 2355 748 2439 ipsius
776 2377 899 2438 poenae
926 2354 1039 2420 avidus
1064 2355 1119 2421 sed

91 2447 168 2529 quia
199 2448 342 2529 oportet,
369 2466 437 2509 non
464 2449 514 2510 est
540 2443 798 2509 adnumerandus
826 2444 926 2509 iratis.
973 2445 1027 2510 hic
1059 2446 1121 2510 erit
1138 2463 1166 2504 π

90 2535 180 2599 utilis
210 2534 303 2600 miles
333 2534 390 2618 qui
420 2534 482 2599 scit
503 2556 616 2618 parere
639 2534 790 2618 consili03
820 2534 965 2599 adfectus
989 2534 1120 2618 quidem

90 2626 157 2688 tam
180 2623 259 2687 mali
281 2623 422 2688 ministri
446 2644 544 2707 quam
567 2623 664 2688 duces
688 2625 772 2688 sunt.
878 2704 880 2708 Ι

56 2729 71 2778 1
180 2710 219 2777 X.
242 2710 319 2777 Ideo
351 2733 529 2796 numquam
561 2711 709 2776 adsumet
740 2713 823 2776 ratio
856 2712 890 2776 in
922 2711 1120 2776 adiutorium

90 2800 278 2887 inprovidos
302 2804 335 2865 et
357 2801 517 2866 violentos
541 2800 695 2884 impetus,
725 2803 805 2884 aput
838 2821 919 2883 quos
942 2801 1027 2865 nihil
1049 2801 1121 2885 ipsa

91 2889 292 2957 auctoritatis
314 2888 444 2973 habeat,
472 2911 555 2974 quos
577 2911 755 2973 numquam
783 2890 984 2973 conprimere
1007 2891 1120 2974 possit,
1139 2907 1167 2949 eo

89 2980 154 3044 nisi
183 3001 276 3062 pares
307 2978 373 3043 iliis
404 2978 583 3062 similisque
607 2977 797 3063 opposuerit
823 2975 876 3063 [ut
899 2979 965 3042 irae
988 2981 1120 3062 metum,

180 3116 197 3171 1
211 3116 322 3171 faciunt
334 3118 367 3172 ie
379 3119 563 3186 turpidonem
576 3118 684 3173 vocavit
698 3118 796 3171 Haase
813 3115 823 3188 Η
840 3116 859 3171 d
873 3117 985 3184 quieuit
996 3117 1025 3172 A
1039 3117 1121 3186 quies

90 3188 147 3244 fuit
161 3189 203 3244 W.
220 3187 327 3243 Gemoll
349 3187 360 3260 Η
387 3186 421 3242 11
442 3189 601 3244 Aristotelea
618 3187 668 3241 abi
685 3187 735 3241 hoe
753 3187 869 3255 (tuerit,
889 3204 937 3258 epo
954 3205 1013 3243 aon
1031 3191 1122 3259 mepte

91 3260 231 3386 ππ
246 3260 429 3400 πππ
442 3257 959 3386 effeceratque*
984 3258 1122 3402 ππ

84 3401 126 3452 22
136 3401 323 3475 pernillciosa
336 3404 365 3459 A
384 3404 463 3475 (erae
479 3418 495 3457 o
513 3403 555 3458 cet
573 3403 600 3471 o)
617 3399 636 3486 'tt
659 3400 694 3456 81
714 3400 797 3456 cerba
814 3403 868 3458 ut.
886 3446 891 3458 .
909 3445 914 3457 .
931 3401 1121 3472 cupiditatem

67 3468 194 3522 delenda
220 3490 282 3527 arae
308 3475 384 3530 vadet
411 3474 513 3544 Germ
540 3474 661 3531 inertiae
688 3472 859 3529 industriam
888 3477 1023 3546 corripere
1051 3476 1122 3531 sotis

46 3529 142 3585 babet
159 3540 347 3600 camelam
952 3580 955 3586 ²
