2438 3846
354 161 404 216 un
421 161 486 217 nce
504 132 571 217 LiB.
584 161 632 218 111.
665 161 742 219 cAP.
757 167 792 218 aa
1023 167 1088 233 133

71 311 281 376 inhumanum
300 329 490 394 responsum
509 311 619 374 exorta
637 311 718 394 erat3
732 329 813 393 quos
824 302 998 395 ¹Philippus
1013 331 1088 375 con-

70 400 216 466 ticiscere
237 399 332 464 iussit
354 401 387 463 et
404 396 585 463 Thersitam
613 397 707 463 illum
730 399 855 464 salvum
878 399 1088 465 incolumem·

72 511 134 574 que
156 488 324 554 dimittere.
371 486 415 552 ‘at
437 485 508 553 vos'
536 487 642 571 inquit
665 487 773 553 ‘ceteri
799 488 913 574 legati,
941 490 1088 555 nuntiate

70 578 320 644 Atheniensibus
343 577 446 642 multo
471 576 671 660 superbiores
695 598 777 661 esse,
803 578 860 662 qui
883 578 945 642 ista
968 578 1088 661 dicunt,

40 687 168 752 equam
188 667 244 752 qui
259 667 379 751 inpune
397 666 483 730 dicta
502 664 657 729 audiunt?
680 665 785 743 multa¹
805 670 838 731 et
863 665 955 732 divus
977 665 1126 753 Augu-4

71 761 140 823 stus
164 755 262 842 digna
284 756 439 821 memoria
460 755 538 820 fecit
560 754 721 840 dixitque,
742 755 917 838 exquibus
937 760 1089 841 appareat

70 847 152 910 iram
173 845 222 909 1lli
241 867 308 910 non
330 845 511 928 imperasse.
550 842 740 930 Timagenes
760 844 968 910 historiarum
990 846 1089 931 scrip·

70 940 123 1000 tor
142 934 298 1018 quaedam
322 935 357 998 in
384 935 506 1018 ipsum,
527 933 683 1016 quaedam
703 934 737 998 in
755 955 889 1000 uxorem
907 935 975 1001 eius
999 938 1032 1001 et
1054 937 1089 999 in

69 1026 173 1089 totnm
192 1024 325 1089 domum
343 1023 466 1088 dixerat
483 1043 543 1088 nec
560 1022 742 1107 perdiderat
759 1023 858 1109 dicta,
880 1025 984 1110 magis
1002 1025 1088 1090 enim

26 1133 52 1174 ro
71 1113 294 1178 circumfertur
312 1116 344 1177 et
357 1113 392 1177 in
410 1135 464 1177 ore
478 1112 647 1177 hominurn
666 1115 715 1177 est
728 1112 897 1179 temeraria
914 1113 1088 1178 urbanitas.

71 1223 165 1287 saepe
187 1203 280 1266 illum
295 1200 410 1267 Caesar
427 1201 567 1285 monuit,
589 1202 785 1267 moderatius
802 1203 916 1288 lingua
932 1205 1089 1287 uteretur3
1107 1221 1125 1270 t

70 1291 286 1375 perseveranti
305 1291 402 1356 domo
425 1313 483 1355 sua
500 1289 674 1356 interdixit.
711 1294 824 1374 postea
841 1291 1031 1377 Timagenes
1055 1293 1090 1357 in

71 1379 280 1445 contubernio
293 1377 450 1445 Pollionis
464 1378 571 1445 Asinii
584 1380 753 1445 consenuit
766 1401 803 1446 ac
817 1384 887 1445 tota
900 1381 1029 1446 civitate
1043 1380 1089 1445 di-

70 1472 181 1553 reptus
204 1472 265 1534 est:
287 1469 415 1534 nullum
437 1468 487 1532 illi
508 1468 610 1534 limen
631 1469 798 1553 praeclusa
812 1465 954 1535 Caesaris
974 1469 1088 1535 domus

26 1577 51 1619 re
71 1559 214 1643 apstulit.
254 1557 420 1640 historias,
443 1577 522 1641 quas
545 1561 658 1642 postea
681 1558 865 1642 scripserat,
887 1559 1035 1624 recitavit
1057 1562 1089 1623 et
1108 1577 1125 1626 6

69 1648 171 1712 libros
190 1650 262 1712 acta
281 1645 423 1712 Caesaris
442 1645 583 1732 Augusti
607 1646 801 1712 continentis
824 1647 859 1711 in
881 1648 956 1735 igne
978 1649 1090 1733 posuit

71 1739 104 1800 et
135 1735 326 1820 combussit3
357 1735 543 1801 inimicitias
574 1735 675 1822 gessit
707 1758 781 1802 cum
814 1734 960 1802 Caesare:
991 1758 1087 1802 nemo

71 1825 246 1891 amicitiem
265 1825 333 1890 eius
352 1825 516 1909 extimuit,
532 1846 628 1890 nemo
643 1826 736 1910 quasi
753 1825 947 1912 fulguritum
961 1825 1090 1912 refugit,
1197 1904 1199 1913 Ι

70 1914 133 1978 fuit
156 1914 213 2000 qui
240 1915 412 2000 praeberet
432 1917 499 1978 tam
522 1915 586 1980 alte
609 1915 736 1980 cadenti
759 1915 874 1980 sinum.
919 1915 996 1982 tulit
1018 1916 1126 1997 hoo,t

26 2022 53 2063 ao
70 2006 108 2067 ut
131 2003 212 2086 dixi,
239 2001 355 2069 Caesar
377 2004 549 2088 patienter,
580 2025 621 2069 ne
644 2025 682 2068 eo
707 2003 837 2088 quidem
855 2007 980 2087 motus,
1003 2003 1090 2088 quod

70 2091 220 2157 leudibus
253 2093 320 2157 suis
345 2093 505 2177 rebusque
536 2093 636 2179 gestis
666 2114 779 2159 manus
803 2093 968 2176 attulerat,
999 2115 1092 2158 num·

72 2201 169 2265 quam
197 2202 270 2247 oum
289 2181 416 2266 hospite
437 2181 562 2246 inimici
585 2182 636 2248 sui
659 2186 789 2268 questus
812 2186 869 2249 est.
914 2182 978 2248 hoc
1001 2182 1091 2247 dum-

71 2273 161 2334 taxat
179 2267 321 2336 Pollioni
336 2269 451 2337 Asinio
470 2270 565 2336 dixit:
587 2276 840 2358 θηριοτροφεῑςς
857 2273 986 2358 paranti
1005 2272 1091 2337 dein·
1109 2287 1129 2338 8

72 2359 111 2424 de
134 2361 373 2426 excusationem
401 2361 530 2445 opstitit
556 2362 589 2424 et
617 2359 744 2427 ‘fruere'
766 2361 872 2444 inquit
896 2361 952 2425 ‘mi
974 2360 1091 2445 Pollio,

27 2470 53 2511 rs
72 2448 201 2513 fruerel'
224 2452 257 2513 et
279 2469 353 2514 cum
367 2447 473 2514 Pollio
492 2448 624 2515 diceret:
643 2448 683 2514 ‘si
701 2450 806 2534 iubes,
829 2446 958 2533 Caesar,
980 2452 1091 2515 statim

72 2536 122 2600 illi
144 2536 241 2602 domo
265 2559 336 2603 mea
358 2537 568 2622 interdicam',
592 2536 670 2604 ‘hoo
687 2538 750 2604 me'
772 2539 879 2626 inquit
897 2538 1003 2623 ‘putas
1027 2539 1092 2605 fac-

71 2629 195 2709 turum,
225 2646 298 2691 oum
329 2647 389 2713 ego
413 2647 471 2692 vos
503 2627 538 2692 in
566 2627 704 2714 gratiam
733 2627 955 2693 reduxerimf'
986 2628 1093 2693 fuerat

71 2714 158 2780 enim
176 2712 348 2798 aliquando
362 2714 531 2801 Timageni
544 2715 650 2782 Pollio
673 2717 775 2783 iratus
792 2738 852 2782 nec
869 2717 970 2783 ullam
994 2718 1091 2783 aliam

71 2804 227 2870 habuerat
245 2825 374 2870 causam
392 2804 572 2890 desinendi,
590 2826 687 2890 quam
701 2805 788 2891 quod
803 2804 919 2873 Caesar
932 2813 1089 2892 coeperat.

161 2959 179 3014 2
197 2960 279 3015 saluu
293 2958 375 3032 Α’(ἲ)
394 2960 486 3016 salum
499 2960 542 3018 A¹
557 2961 569 3035 ΙΙ
587 2962 602 3017 t
616 2961 757 3033 Imagines
771 2963 799 3018 A
816 2965 861 3019 tie
875 2970 901 3018 et
914 2981 937 3018 o.
953 2968 988 3018 12
993 2984 1003 3030 ;
1020 2970 1091 3019 recte

71 3031 142 3086 tima
163 3032 210 3086 eni
226 3049 251 3087 o.
264 3037 302 3089 28
319 3032 496 3103 Tymagenes
509 3034 536 3088 L
553 3033 564 3106 ΙΙ
582 3034 617 3090 10
631 3033 727 3107 ἰιιίβοιο
741 3036 769 3090 Α
787 3038 866 3104 (nas.
880 3035 931 3106 h)t
956 3034 991 3089 12
1005 3034 1090 3089 domu

71 3105 100 3159 A
117 3103 128 3176 tt
143 3050 181 3157 it
198 3105 271 3173 quod
286 3105 319 3160 in
332 3106 360 3160 A
373 3111 440 3174 post
456 3104 587 3161 recitavit
604 3112 749 3162 exaratum
767 3113 807 3162 eat
824 3109 853 3160 et
871 3122 931 3160 eom
953 3107 1026 3160 ussit
1041 3113 1091 3162 ant

71 3175 216 3230 delendum
240 3177 346 3231 autin
367 3178 528 3246 proximum
551 3194 659 3233 versum
682 3178 916 3246 transponendum
941 3194 997 3233 eoae
1020 3179 1092 3234 vidit

73 3247 206 3329 Madvig
230 3248 280 3302 boc
301 3249 425 3317 praetuli
446 3247 456 3320 tt
480 3247 516 3301 16
538 3247 569 3302 in
586 3248 652 3319 igne
670 3250 766 3318 posuit
784 3250 811 3302 L
833 3255 865 3304 nt
883 3249 1002 3318 Madvig
1020 3251 1090 3304 coni.

72 3317 355 3459 atumem
377 3319 773 3447 inaruerunt
787 3321 1064 3461 antennor
1080 3320 1092 3453 t

354 3431 362 3457 ,
449 3432 454 3444 .
502 3433 508 3445 .

72 3459 266 3601 aethgriotro
288 3458 354 3529 phio
372 3462 400 3516 A
423 3461 435 3533 tt
458 3460 494 3516 24
512 3461 621 3517 feruere
635 3462 676 3518 A¹
690 3464 785 3532 priore
802 3463 860 3519 loeo
882 3462 936 3533 (A⁸
952 3478 1090 3532 enpraser.

134 3547 164 3585 re
681 3572 683 3579 .
