2438 3846
94 135 160 202 aas
292 131 323 187 r,
337 130 480 215 ΑΜ
498 128 665 186 sarman
682 128 779 184 unc.
793 128 862 184 rm.
875 126 923 183 n.

94 278 177 345 ficiis
202 278 374 364 imperium
397 277 600 343 custodiatur
622 297 720 359 qnam
737 275 850 360 armis,
872 274 930 341 illo
948 275 1044 341 rebus
1062 275 1122 341 hu·

96 368 200 434 manis
230 367 428 453 praesidente
455 389 523 432 non
553 369 603 432 est
628 365 824 450 periculum,
851 386 894 430 ne
917 365 995 449 quid
1017 364 1122 450 perdi·

94 457 180 524 disse
209 461 243 523 te
270 457 404 541 sentam
438 457 474 521 in
500 457 564 522 boc
590 475 656 520 uno
684 454 745 519 tibi
778 454 857 519 satis
888 454 1043 539 praesidi,
1073 476 1122 520 so

95 548 158 612 laci
187 551 245 613 est.
295 546 409 612 attolle
431 550 465 612 te
487 549 534 629 et,
563 545 713 630 quotiens
736 544 888 610 lacrimae
911 544 1124 610 suboriuntur

96 635 199 703 oculis
231 634 313 721 tuis,
344 635 464 701 totiens
496 636 571 700 illos
603 634 639 698 in
668 630 835 699 Caesarem
869 633 992 719 derige:
1024 634 1122 701 sicca
1156 655 1168 696 s

94 726 217 790 buntur
239 724 373 795 maximi
395 728 429 789 et
450 723 621 790 clarissimi
639 726 816 807 conspectu
834 723 991 807 numinis3
1013 723 1124 811 fulgor

95 814 164 879 eius
187 814 277 896 illos,
300 818 338 879 ut
360 812 443 879 nihil
466 812 556 879 aliud
578 813 706 896 possint
729 812 886 897 aspicere,
907 813 1124 899 praestringet

58 917 76 966 4
96 907 129 969 et
150 901 186 968 in
208 924 243 969 se
265 903 433 970 haerentes
457 902 622 971 detinebit.
667 901 723 967 hic
739 901 816 984 tibi,
839 923 936 985 quem
953 905 992 968 tu
1010 901 1123 968 diebus

96 991 232 1061 intueris
260 1016 299 1060 ac
320 992 487 1078 noctibus,
513 1016 533 1058 a
556 1012 621 1077 quc
644 1011 824 1075 numquam
847 991 945 1058 deicis
969 991 1124 1075 animum,

95 1081 288 1168 cogitandus
313 1086 376 1167 est,
403 1081 458 1148 hic
481 1086 596 1147 contra
615 1080 781 1146 fortunam
804 1080 1018 1147 advocandus.
1064 1103 1125 1146 nec
1143 1101 1170 1142 ιο

96 1171 226 1257 dubito,
253 1195 328 1239 cum
355 1175 448 1237 tanta
475 1171 525 1236 iili
552 1170 705 1237 adversus
732 1191 845 1235 omnes
869 1191 946 1235 suos
970 1171 1013 1235 sit
1035 1193 1125 1236 man·

95 1262 233 1327 suetudo
256 1265 412 1346 tantaque
435 1259 654 1347 indulgentia,
677 1258 757 1345 quin
780 1261 845 1324 iam
864 1259 976 1325 multis
995 1261 1125 1326 solaciis

95 1353 188 1415 tuum
216 1351 305 1416 istud
327 1352 445 1416 vulnus
469 1349 655 1434 obduxerit,
681 1350 746 1414 iam
770 1349 886 1434 multa,
915 1369 998 1434 quac
1020 1349 1127 1415 dolori

96 1439 262 1524 obstarent
279 1443 349 1526 tuo,
367 1439 573 1525 congesserit.
611 1437 690 1522 quid
703 1438 824 1523 porro?
859 1443 897 1504 ut
910 1439 994 1503 nihil
1007 1439 1126 1504 borum

95 1527 221 1613 iecerit,
244 1549 353 1594 nonne
375 1527 525 1614 protinus
548 1528 619 1613 ipse
642 1530 836 1612 conspectus
855 1550 913 1612 per
931 1550 966 1594 se
984 1531 1126 1593 tantum·
1145 1546 1172 1588 rs

96 1616 192 1682 modo
225 1617 453 1704 cogitatusque
484 1614 601 1683 Caesar
631 1616 774 1682 maximo
807 1616 928 1682 solacio
960 1617 1023 1682 tibi
1055 1616 1127 1682 est?

59 1716 76 1767 c
96 1705 141 1770 dii
165 1706 259 1772 illum
283 1707 424 1790 deaeque
442 1705 535 1771 terris
555 1706 611 1770 diu
630 1706 850 1771 commodent!
896 1709 968 1772 acte
985 1706 1040 1773 bic
1059 1705 1128 1770 divi

96 1791 239 1882 Augusti
267 1800 396 1880 aequet,
424 1816 526 1861 annos
554 1795 678 1860 vincat!
725 1808 822 1881 quam
851 1795 908 1861 diu
935 1798 1020 1861 inter
1042 1817 1127 1861 mor·

95 1884 177 1949 tales
210 1884 286 1970 erit,
316 1883 400 1950 nibil
432 1907 471 1950 ex
504 1885 600 1950 domo
634 1906 692 1951 sua
724 1885 861 1950 mortale
893 1906 962 1950 esse
994 1884 1127 1950 sentiat!

19 2057 20 2061 Ἰ
95 1975 255 2040 rectorem
279 1973 427 2040 Romano
456 1973 592 2060 imperio
620 1973 726 2039 filium
753 1975 853 2060 longa
880 1974 945 2040 fide
968 1973 1128 2059 approbet
1146 1993 1174 2035 ro

96 2066 129 2127 et
152 2066 227 2128 ante
250 2063 332 2129 illud
354 2067 538 2130 consortem
560 2063 663 2149 patris
687 2085 784 2148 quam
806 2081 1024 2130 successorem
1043 2062 1127 2149 aspi-

97 2151 174 2218 ciat!
221 2174 292 2219 sera
319 2156 352 2220 et
379 2153 554 2239 nepotibus
582 2152 716 2218 demum
736 2153 856 2219 nostris
880 2153 948 2220 dies
972 2156 1051 2232 nota
1074 2153 1127 2237 sit,

97 2262 161 2326 qua
183 2241 277 2308 illum
302 2264 381 2330 gens
404 2265 463 2310 sua
485 2243 575 2309 caelo
599 2242 733 2308 asserat!

187 2505 206 2560 2
230 2506 412 2576 praesidente
433 2508 572 2580 Erasmus
595 2515 622 2564 et
639 2509 668 2563 Β
689 2510 764 2563 m.2
787 2508 820 2562 ic
841 2525 929 2579 musy.
954 2509 1086 2577 praeside
1106 2507 1130 2564 0

97 2576 222 2646 presidis
232 2579 264 2633 E
277 2579 281 2650 Ι
298 2595 354 2634 non
364 2579 427 2634 DE
439 2595 491 2633 nec
501 2579 596 2634 BHG
609 2578 651 2652 {18
664 2578 799 2648 praesidi,
809 2578 897 2633 solaci
906 2581 1007 2649 scripsi
1020 2579 1128 2648 presidi

97 2647 194 2703 solatii
213 2649 237 2705 0
260 2651 308 2705 sed
330 2650 401 2705 satis
424 2658 488 2707 cote
511 2650 608 2706 solatii
631 2651 696 2707 add.
715 2652 748 2706 iu
761 2650 789 2704 Β
807 2655 876 2706 m.2
897 2652 929 2705 ia
949 2668 1035 2722 mary.
1055 2651 1129 2720 proed

96 2721 174 2793 volpe
191 2722 327 2791 crupitur
338 2722 349 2795 Η
366 2722 385 2776 ὅ
399 2721 491 2794 dirige
505 2722 529 2779 0
546 2721 669 2792 dirigere
682 2723 713 2778 D
727 2738 796 2777 corr.
813 2722 895 2777 Gertz
907 2721 918 2795 ΙΙ
935 2721 954 2776 6
967 2722 1091 2777 numinis
1107 2723 1130 2778 0

100 2791 232 2847 minimus
253 2792 279 2848 0
302 2799 327 2849 et
349 2799 382 2848 ut
401 2795 456 2849 oid.
477 2795 512 2849 Η
530 2792 646 2848 luminis
667 2793 770 2850 Gruter
788 2800 815 2849 et
832 2795 949 2863 Lipsius
973 2793 988 2920 'i
1008 2792 1045 2849 la
1069 2794 1128 2849 iam

96 2863 189 2918 multa
203 2863 341 2921 Sabatinca
358 2881 416 2921 non
430 2865 522 2920 multa
538 2865 562 2921 0
579 2865 671 2920 multa
681 2866 779 2921 Haase
792 2865 902 2919 monita
915 2864 975 2919 mul
989 2882 1008 2919 a
1022 2865 1106 2922 Gertz
1118 2865 1129 2938 ll

99 2934 131 2991 17
152 2934 194 2990 dii
207 2937 273 2991 ΒΗ
296 2935 300 3009 Ι
325 2942 389 3008 post
414 2935 522 3006 deeque
543 2937 572 2991 Β
595 2938 627 2991 in
647 2952 734 3008 marp.
755 2952 851 2991 omnes
869 2937 962 3005 babet,
981 2943 1014 2993 ut
1030 2938 1100 3008 colp.
1123 2940 1127 3010 Ι

98 3007 278 3062 commodent
295 3024 370 3064 cous
390 3007 505 3064 &reteri
522 3013 549 3064 ct
561 3008 590 3062 Β
608 3011 629 3064 2
646 3025 680 3063 m.
701 3007 899 3064 commendent
918 3009 942 3065 0
961 3008 964 3081 i
991 3010 1057 3063 acta
1076 3051 1082 3064 .
1099 3052 1128 3066 ..

97 3078 196 3134 uincet
219 3079 296 3135 codd.
320 3079 434 3136 (iictori
456 3085 482 3135 et
504 3080 542 3136 N.
558 3079 651 3136 Fabri
676 3081 742 3135 acta
764 3079 812 3135 hic
836 3080 897 3135 diui
920 3081 1053 3152 augustie
1074 3097 1130 3151 que

97 3152 157 3206 tam
183 3167 234 3206 nos
259 3150 359 3206 uincet
380 3153 408 3207 Β
434 3150 561 3236 (augusti
586 3150 691 3220 aequet
717 3150 805 3207 annos
831 3170 865 3208 m.
884 3156 904 3208 2
925 3155 958 3208 ia
980 3154 1079 3223 morp.)
1104 3159 1131 3209 et

97 3223 190 3279 ecdem
207 3224 266 3292 fere
281 3224 316 3279 H
319 3223 379 3279 GV
393 3225 422 3279 et
436 3222 544 3278 facient
556 3225 590 3278 ut
599 3223 630 3279 D
649 3225 678 3279 et
691 3222 782 3279 iaciat
794 3225 828 3278 ut
838 3225 868 3279 E
884 3223 895 3297 11
912 3223 1130 3279 cenomanos

97 3293 222 3349 humano
237 3296 261 3351 (J
276 3294 287 3368 Η
305 3293 340 3349 21
355 3293 427 3349 iilud
441 3294 578 3350 Schultess
596 3294 678 3349 illum
695 3296 718 3352 0
734 3295 737 3368 i
755 3295 878 3364 aspiciat
891 3296 955 3351 BV
968 3296 1094 3366 accipiat
1108 3296 1132 3353 0

99 3364 180 3420 illum
196 3407 202 3416 .
218 3409 224 3416 .
240 3409 246 3422 ,
263 3365 436 3438 aspiciamus
451 3365 535 3422 Gertz
553 3365 635 3420 illum
650 3409 656 3422 .
672 3408 679 3422 .
695 3408 701 3422 .
717 3366 843 3436 accipiat
856 3368 925 3438 octa.
947 3366 1000 3438 idi
1014 3367 1129 3422 demum

272 3439 308 3495 ’ci
326 3443 352 3494 ct
368 3437 437 3507 oolp.
457 3436 668 3509 deinda(dei1'1)
690 3439 713 3495 0
734 3438 745 3512 i!
769 3437 806 3493 23
829 3455 886 3508 qua
904 3455 938 3494 oo
948 3456 974 3509 p.
994 3455 1081 3508 quam
1101 3439 1130 3494 Β

300 3526 329 3566 n
351 3508 459 3585 Gestat
482 3512 592 3566 assemt
605 3510 634 3565 Β
653 3508 798 3567 afferatO
