2438 3846
104 116 120 141 ⁹
217 155 267 209 An
285 152 456 208 usnemu
473 153 523 208 aa
542 145 820 209 consonandum
839 153 915 209 car.
932 161 964 208 12
1035 158 1097 222 167

83 325 145 386 que
168 305 381 386 perceperant.
425 301 452 364 si
475 300 621 365 confessa
643 300 741 364 fueris
765 301 945 385 percepisse
966 322 1097 386 magnas

82 391 277 474 voluptates,
308 393 435 473 oportet
464 394 495 454 te
523 410 590 454 non
612 388 650 453 de
673 411 711 454 eo
735 390 822 473 quod
849 391 1026 454 detractum
1050 394 1099 455 est

83 481 187 566 queri,
220 478 274 544 sed
307 480 345 544 de
377 501 414 543 eo
447 480 566 564 gratias
598 501 692 564 agere
724 479 811 562 quod
840 480 990 565 contigit,
1027 497 1133 563 pro-2

82 574 238 634 venerunt
261 571 346 634 enim
370 570 447 633 satis
470 569 580 654 magni
603 569 726 633 fructus
746 569 894 634 laborum
912 572 1042 634 tuorum
1060 591 1100 632 cx

49 661 154 743 sipsa
183 658 382 739 educatione,
411 659 475 721 nisi
502 658 585 722 forte
612 659 648 740 ii,
677 658 733 741 qui
760 658 885 722 catulos
907 680 1044 742 avesque
1067 662 1100 722 et

82 749 200 813 frivola
222 748 402 811 animorum
421 746 653 812 oblectamenta
671 767 797 811 summa
815 746 981 831 diligentia
999 748 1099 812 nutri·

82 841 154 919 unt,
186 837 337 901 fruuntur
368 836 477 920 aliqua
507 836 674 919 voluptate
706 858 746 900 cx
775 838 849 900 visu
883 839 1035 920 tactuque
1067 841 1100 901 et

82 925 199 991 blanda
228 925 410 990 adulatione
441 928 616 1009 mutorum,
645 925 763 990 liberos
791 926 1006 991 nutrientibus
1033 946 1100 990 non

82 1016 205 1082 fructus
229 1014 426 1080 educationis
450 1016 520 1098 ipsa
543 1014 689 1080 educatio
713 1019 774 1079 est·
814 1015 891 1080 licet
918 1016 1025 1099 itaque
1052 1015 1101 1081 nil

37 1127 64 1166 ru
82 1105 142 1169 tibi
161 1104 317 1170 industria
335 1105 403 1169 eius
422 1104 606 1188 contulerit,
624 1103 708 1168 nihil
721 1104 888 1190 diligentia
904 1103 1099 1186 custodierit,

81 1194 164 1258 nihil
195 1194 366 1278 prudentia
398 1195 545 1277 suaserit,
577 1194 685 1277 ipsum
714 1193 801 1277 quod
830 1192 985 1277 habuisti,
1013 1194 1100 1278 quod

83 1284 209 1365 amasti,
241 1283 364 1348 fructus
397 1287 453 1346 est.
504 1282 554 1347 ‘at
583 1285 691 1366 potuit
716 1283 846 1368 longior
869 1305 950 1364 csse,
977 1282 1135 1348 maior.'3

83 1374 196 1438 melius
220 1376 328 1437 tamm
350 1376 457 1436 tecum
476 1376 583 1437 actum
602 1376 650 1437 est
668 1394 765 1456 quam
784 1373 812 1436 si
831 1372 961 1437 omnino
980 1373 1100 1458 <non>

83 1461 283 1546 contigisset,
306 1461 472 1545 quoniam,
501 1463 528 1525 si
554 1465 695 1544 ponatur
717 1462 844 1544 electio,
867 1465 976 1526 utrum
1000 1462 1099 1526 satius

36 1570 64 1612 rs
83 1551 126 1614 sit
147 1573 213 1615 non
236 1551 291 1615 diu
314 1551 440 1615 felicem
464 1572 531 1615 esse
554 1572 596 1614 an
617 1571 809 1634 numquam,
831 1551 945 1614 melius
969 1553 1018 1614 est
1038 1551 1100 1615 dis·

82 1661 209 1704 cessura
237 1639 331 1704 nobis
361 1639 446 1703 bona
474 1660 570 1722 quam
597 1640 687 1704 nulla
710 1640 903 1724 contingere.
950 1643 1100 1704 utrumne

83 1729 194 1793 malles
217 1727 405 1814 degenerem
429 1727 620 1812 aliquemet
637 1750 806 1793 numerum
826 1731 952 1793 tantum
971 1751 1100 1793 nomen·

83 1838 145 1900 que
163 1818 224 1881 filii
242 1817 444 1901 expleturum
461 1817 612 1882 habuisse
630 1841 672 1883 an
690 1821 797 1883 tantae
816 1817 947 1901 indolis,
963 1821 1100 1902 quantae

82 1910 157 1972 tuus
180 1905 255 1990 fuit,
278 1907 401 1972 iuvenis
424 1908 489 1972 cito
509 1907 662 1991 prudens,
682 1909 746 1972 cito
766 1909 853 1991 pius,
874 1908 939 1972 cito
958 1908 1100 1990 maritus,

35 2017 65 2058 so
82 1997 147 2061 cito
177 1999 280 2080 pater,
310 1997 374 2061 cito
405 1997 511 2061 omnis
542 1995 642 2061 officii
670 1997 827 2080 curiosus,
856 1997 920 2061 cito
945 1996 1100 2081 sacerdos,

82 2086 190 2150 omnia
212 2089 376 2169 tamquam
399 2085 598 2169 properans?
634 2086 717 2150 nuilli
739 2085 804 2150 fere
828 2089 861 2150 ct
881 2108 999 2171 magna
1016 2086 1136 2150 bonas
1182 2121 1185 2126 .

83 2179 115 2238 et
147 2174 296 2239 diuturna
328 2176 535 2260 contingunt,
565 2198 632 2240 non
664 2176 758 2240 durat
788 2197 847 2240 nec
880 2175 920 2240 ad
949 2175 1101 2240 ultimum

82 2264 149 2329 exit
170 2265 233 2329 nisi
255 2265 343 2328 lenta
365 2264 516 2329 felicitas:
542 2264 645 2330 filium
668 2266 728 2330 tibi
752 2265 797 2329 dii
820 2266 1016 2351 immortales
1034 2287 1101 2329 non

82 2353 139 2419 diu
170 2353 274 2419 daturi
307 2353 415 2420 statim
448 2354 545 2419 talem
578 2353 744 2437 dederunt,
782 2355 886 2438 qualis
922 2355 978 2420 diu
1015 2354 1101 2420 effici

37 2461 65 2504 ss
82 2447 196 2527 potest.
233 2465 274 2507 ne
297 2442 378 2508 illud
401 2442 531 2526 quidem
555 2444 659 2508 dicere
682 2447 773 2528 potes
797 2445 931 2508 electam
954 2447 1023 2508 tea
1042 2443 1101 2527 dis,

171 2599 235 2654 ase
253 2602 286 2654 ia
301 2617 355 2655 ras.
371 2601 413 2656 A*
431 2601 454 2655 tc
472 2601 536 2667 fort.
551 2600 592 2655 A¹
609 2601 619 2672 11
636 2600 655 2654 a
673 2601 708 2655 de
723 2617 755 2655 eo
770 2601 909 2670 gratiass
928 2601 963 2655 de
977 2617 1009 2655 eo
1025 2601 1100 2670 quod

82 2672 190 2797 pretim
204 2672 232 2726 A
254 2672 257 2744 1
278 2671 398 2743 contigit
412 2674 509 2728 Haase
523 2671 633 2742 colligit
647 2673 674 2727 A
691 2675 694 2742 1
715 2675 935 2740 prouenerunts
953 2689 1035 2742 pern·
1050 2674 1077 2727 A
1091 2673 1101 2745 11

123 2759 157 2797 ex
178 2743 242 2812 ipsa
265 2743 432 2798 educatione
451 2758 469 2798 s
494 2760 527 2799 ex
548 2745 612 2812 ipsa
630 2744 732 2798 educat
745 2746 773 2798 A
797 2746 824 2813 (a
844 2761 858 2799 e
877 2746 908 2798 ia
926 2762 979 2799 roc.
994 2751 1026 2798 at
1044 2745 1099 2799 oid.

81 2813 134 2883 Al)
152 2814 162 2886 11
179 2814 197 2869 h
214 2815 239 2869 Ii
256 2822 288 2870 at
305 2816 360 2870 oid.
375 2816 417 2872 A¹
435 2815 466 2870 hi
479 2816 522 2871 Αὁ
539 2817 570 2870 ia
584 2832 638 2870 ras.
658 2815 668 2886 11
688 2817 702 2870 7
718 2816 795 2870 exsui
810 2816 851 2870 A¹
870 2833 937 2870 corr.
952 2818 983 2870 ia
1002 2815 1100 2869 exuisu

81 2884 166 2956 A²(?)
188 2886 191 2957 1
211 2887 345 2955 iactaque
359 2887 386 2942 A
405 2887 427 2956 (i
444 2889 476 2941 ia
493 2904 548 2941 aaa.
564 2887 615 2957 Aa,
634 2887 644 2957 11
661 2887 679 2942 9
693 2887 869 2941 educationis
883 2888 914 2941 F
929 2886 1032 2940 educat
1045 2888 1073 2942 A
1095 2889 1098 2958 1

82 2956 146 3026 ipsa
155 2957 183 3012 A
195 2959 239 3027 (sa
251 2960 284 3012 ἐκ
295 2975 351 3012 ras.
365 2959 429 3025 sort.
439 2957 491 3027 A')
504 2958 515 3031 11
530 2957 564 3012 11
580 2959 700 3014 suaserit
710 2960 820 3013 Fickert
837 2974 887 3012 sua
897 2960 924 3014 A
938 2959 948 3031 11
962 2958 997 3013 12
1010 2959 1101 3013 maior

83 3028 180 3084 Haase
201 3031 281 3084 anch
302 3029 416 3084 inclusit
438 3046 550 3098 cumpca
570 3031 649 3085 Koch
667 3036 692 3085 ct
707 3031 788 3085 Gertz
806 3031 891 3085 secuti
908 3037 972 3084 sum
990 3029 1101 3100 longior

82 3115 150 3155 esse.
183 3099 310 3167 mallem;
334 3099 434 3155 melius
452 3104 548 3155 tamen
566 3101 702 3157 Schultess
723 3101 733 3173 11
759 3101 793 3156 la
816 3118 872 3156 non
891 3102 1055 3171 contigisset
1073 3102 1103 3156 F

82 3173 150 3243 vulp.
170 3172 363 3242 contigisvset
380 3173 408 3227 A
425 3171 435 3244 11
458 3172 493 3228 18
511 3172 644 3227 habuisse
664 3189 700 3227 an
719 3176 816 3228 tantae
835 3175 866 3228 F
880 3173 948 3243 aoly.
967 3172 1100 3227 habuisse

83 3246 149 3298 ante
170 3243 212 3300 A¹
240 3241 373 3298 habuisse
402 3245 482 3316 tante
503 3243 546 3299 A’
571 3244 581 3316 11
609 3244 646 3300 20
673 3245 788 3299 sacerdo
809 3245 851 3300 A¹
874 3245 1007 3311 ascendo
1028 3243 1070 3299 A¹
1091 3244 1102 3315 11

82 3313 117 3368 21
135 3316 282 3382 tamquam
299 3330 454 3384 properans
472 3315 608 3371 Schultess
625 3323 651 3371 ct
664 3315 786 3385 Pfeaaip
803 3317 921 3383 tamque
939 3330 1059 3385 propera
1072 3317 1100 3370 A

82 3386 143 3439 tam
160 3400 350 3455 praepropera
368 3387 523 3442 Pincianus
540 3390 600 3442 tam
619 3388 796 3455 praestantia
817 3390 932 3456 (magna
950 3387 1100 3456 Rossbach)

82 3472 168 3523 quam
182 3473 302 3528 propera
313 3457 391 3513 Koch
404 3459 550 3526 tamquam
564 3460 729 3528 properaret
739 3458 822 3513 Gertz
831 3461 923 3527 (1889)
936 3456 948 3528 11
960 3457 995 3512 25
1007 3461 1102 3526 potest

83 3526 111 3581 A
128 3532 223 3598 poesin
237 3529 319 3586 Gertz
336 3527 429 3598 qualis
444 3529 493 3585 diu
507 3530 625 3586 vivendo
640 3529 718 3586 ethai
727 3528 781 3584 uir.
791 3530 942 3599 potuisset
955 3546 987 3579 u„
998 3527 1127 3577 amaa
