2438 3846
192 131 243 185 no
263 129 480 186 onuarounn
498 128 548 184 ns
569 129 658 184 vim
676 129 801 184 aanor
820 128 897 184 cnr.
913 135 947 184 n
1019 131 1084 196 223

55 278 118 344 baa
144 299 179 342 ro
207 298 276 344 osso
299 276 488 362 neglegens3
517 297 695 358 numquam
719 276 822 361 magis
845 274 978 341 nomina
1000 275 1085 341 faoio

56 389 155 453 quam
174 387 248 432 oum
267 366 361 431 dono.
395 364 510 450 ‘quid?
528 364 582 430 tu'
600 366 708 449 inquis
729 365 930 450 ‘recepturus
949 364 1121 433 donasl'a

55 457 157 522 immo
179 475 247 522 non
270 456 468 540 perditurus:
491 478 530 521 eo
553 457 627 521 looo
649 455 693 520 sit
710 455 857 539 donatio,
881 453 966 520 undo
984 454 1088 539 repeti

55 568 124 612 non
143 545 271 628 debeat,
289 544 380 610 reddi
399 545 512 630 possit.
546 544 739 611 beneficium
758 545 959 627 conlocetur,
979 565 1088 629 quem·

22 634 233 700 radmodum
260 634 454 700 thensaurus
485 634 549 698 alte
581 634 730 717 obrutus,
765 655 861 718 quem
891 656 959 699 non
986 654 1089 716 eruas,

56 723 122 789 nisi
157 723 256 788 fuerit
291 746 428 790 neoesse.
483 721 584 808 quid?
620 723 735 788 domus
772 723 843 808 ipsa
880 723 990 789 divitis
1027 723 1123 792 virio

58 807 213 897 quantam
245 813 344 879 habet
375 813 457 878 bene
489 813 629 879 faciendi
662 812 843 877 materiam!
898 813 970 897 quis
1003 813 1089 878 enim

57 902 286 968 liberalitatem
322 906 450 968 tantum
489 901 530 966 ad
566 906 696 989 togatos
731 903 848 968 vooat‘?
903 901 1089 967 hominibus

58 993 211 1077 prodesse
228 996 345 1057 natura
363 1013 415 1056 me
433 991 536 1056 iubet:
556 992 640 1058 servi
657 991 793 1056 liberine
809 993 876 1056 sint
889 991 938 1074 hi,
956 992 1090 1077 ingenui

10 1103 101 1147 roan
132 1081 292 1164 libertini,
324 1081 427 1146 iustae
456 1081 619 1146 libertatis
649 1102 691 1145 an
723 1081 808 1145 inter
837 1077 958 1147 am'ioos
987 1081 1091 1164 datae,

59 1171 138 1255 quid
166 1168 286 1236 refert?
331 1171 528 1256 ubicumque
556 1169 656 1235 bomo
680 1173 743 1254 est,
770 1169 817 1234 ibi
839 1169 975 1237 benefioi
996 1170 1090 1236 loous

59 1263 117 1325 est.
168 1263 278 1343 potest
306 1258 418 1344 itaque
447 1259 587 1346 pecunia
620 1259 717 1324 etiam
750 1259 836 1325 intra
864 1259 966 1325 limen
995 1282 1090 1325 suum

60 1348 197 1414 diffundi
216 1352 249 1414 et
267 1347 496 1415 liberalitatem
515 1370 677 1431 exeruere,
698 1370 780 1434 quae
798 1370 866 1415 non
885 1349 962 1433 quia
979 1349 1091 1415 liberis

59 1438 207 1521 debetur,
232 1438 287 1502 sed
311 1439 389 1522 quia
412 1461 431 1502 a
454 1438 557 1504 libero
582 1439 690 1503 animo
714 1438 945 1523 proficiscitur,
968 1439 1014 1503 ita
1034 1460 1091 1505 no·

15 1548 40 1589 rs
60 1529 183 1593 minata
201 1530 258 1593 est.
296 1527 377 1593 haeo
395 1531 475 1611 aput
494 1528 672 1612 sapientem
687 1550 747 1594 neo
761 1551 916 1613 umquam
931 1529 967 1593 in
979 1531 1092 1614 turpes

59 1616 276 1704 indignosque
307 1618 489 1704 inpingitur
515 1640 576 1684 neo
598 1640 755 1702 umquam
778 1619 824 1683 ita
847 1618 1023 1704 defetigata
1046 1640 1092 1683 er-

60 1709 123 1790 rat,
160 1710 198 1771 ut
234 1729 314 1791 non,
352 1708 503 1791 quotiens
542 1708 678 1792 dignum
716 1708 889 1791 invenerit,
925 1708 1018 1791 quasi
1052 1729 1093 1772 ex

60 1796 157 1880 pleno
181 1795 270 1860 fluat.

150 1883 228 1949 Non
259 1889 309 1950 est
339 1905 431 1971 ergo,
463 1885 550 1968 quod
580 1907 751 1971 perperam
782 1885 976 1969 exaudiatis,
1010 1905 1129 1970 quaes

23 1991 46 2031 ἑο
62 1976 206 2058 honeste,
225 1974 363 2059 fortiter,
377 1975 523 2041 animose
538 1998 557 2039 a
571 1975 726 2040 studiosis
741 1975 918 2059 sapientiae
932 1975 1092 2042 diountur.

64 2067 96 2129 et
113 2063 177 2129 hoo
195 2064 336 2149 primum
357 2064 534 2130 adtendite:
554 2064 644 2129 aliud
663 2069 712 2130 est
728 2065 892 2130 studiosus
908 2065 1094 2149 sapientiae,

64 2153 151 2218 aliud
175 2152 240 2218 iam
264 2154 400 2237 adeptus
424 2153 624 2237 sapientiam.
671 2154 727 2219 ille
750 2154 810 2219 tibi
834 2154 932 2220 dicet:
957 2153 1094 2239 ‘optime

64 2244 195 2327 loquor,
227 2243 283 2308 sed
314 2242 419 2307 adhue
450 2242 534 2308 inter
564 2244 650 2308 mala
678 2244 809 2309 volutor
832 2244 981 2328 plurima.
1028 2266 1095 2309 non

65 2335 128 2416 est,
151 2331 239 2416 quod
263 2353 315 2397 me
334 2330 374 2396 ad
393 2331 568 2396 formulam
588 2355 693 2398 meam
713 2332 837 2419 exigas:
861 2356 936 2399 oum
955 2333 1095 2398 maximo

21 2429 48 2472 ²⁵
65 2420 148 2486 facio
179 2443 232 2486 me
264 2426 297 2487 et
325 2421 431 2486 formo
461 2426 493 2486 et
516 2421 556 2486 ad
581 2423 747 2506 exemplar
768 2423 883 2509 ingens
907 2424 1038 2507 attoll03
1067 2423 1096 2487 si

66 2530 251 2594 processero
282 2515 580 2595 quantumcumque
609 2496 780 2596 propbsui,
810 2513 903 2598 exigo
933 2516 971 2578 ut
1001 2511 1095 2578 diotis

54 2600 152 2676 ‘fasta
174 2599 410 2684 respondeant'
455 2599 626 2666 adsecutus
650 2623 727 2666 vero
751 2601 887 2666 humani
909 2602 987 2667 boni
1010 2623 1096 2666 sum·

67 2710 154 2755 mam
186 2689 280 2754 aliter
311 2693 419 2754 terum
453 2694 529 2777 aget
561 2695 594 2755 ot
626 2690 724 2756 dicet:
755 2690 908 2775 ‘primum
940 2713 1008 2757 non
1038 2694 1097 2775 est‚·

69 2778 155 2863 quod
184 2779 245 2844 tibi
277 2779 445 2863 permittas
479 2779 517 2844 de
551 2780 740 2846 melioribus
771 2781 855 2846 ferre
888 2781 1097 2865 sententiam3

157 2935 173 2990 1
193 2952 223 2992 re
243 2952 304 2992 esse
322 2938 398 3008 volu·
416 2953 477 2993 esse
496 2939 526 2992 re
547 2938 587 2992 Α5
610 2939 653 3009 (iu
670 2955 727 2994 rus.
742 2945 854 3009 praeter
871 2940 999 2995 ultimam
1018 2941 1044 3008 e)
1063 2955 1098 3002 en

69 3006 108 3062 Αι
125 3023 177 3064 sor.
194 3007 343 3078 dispicitur
362 3051 368 3063 .
385 3053 390 3062 .
407 3051 436 3064 ..
456 3011 486 3064 re
505 3016 536 3065 ut
554 3011 618 3078 ipsa
637 3028 671 3066 m.
690 3015 706 3064 1
724 3013 866 3080 scripsisse
883 3012 1015 3067 uideatur
1036 3008 1097 3065 dese

70 3080 99 3133 re
116 3080 136 3134 ι’.
151 3095 173 3135 e.
193 3095 224 3133 re
243 3094 304 3133 osse
325 3082 328 3151 4
350 3096 424 3134 nune
444 3096 530 3149 quam
545 3086 571 3135 A
589 3081 601 3166 ll
621 3081 762 3136 enatura
780 3098 825 3138 me
840 3083 939 3138 Haase
956 3081 1097 3137 naturd&

70 3155 95 3206 A
116 3151 119 3222 Ι
141 3149 232 3206 iubet:
253 3151 357 3206 serris·
374 3151 456 3206 iubet
474 3155 503 3207 et
522 3169 597 3207 serur
611 3160 637 3208 A
655 3153 665 3226 ij
694 3153 728 3208 13
747 3155 826 3279 qub*
848 3170 905 3209 non
923 3169 981 3223 qua
999 3153 1097 3209 liberis

71 3220 196 3277 debetur.
230 3222 280 3277 sed
299 3223 367 3292 quia
391 3224 412 3294 (i
430 3241 451 3279 e.
466 3242 490 3280 o.
506 3225 572 3279 add.
586 3225 649 3292 fort,
664 3243 699 3279 m.
716 3227 743 3295 1)
765 3226 788 3279 li
809 3225 863 3280 eris
888 3224 1014 3280 debetur.
1047 3226 1098 3282 sed

72 3293 139 3362 quia
157 3293 265 3349 alibero
285 3295 379 3350 animo
398 3295 588 3365 proficiscitur
602 3303 627 3351 A
647 3313 715 3353 corr.
731 3299 799 3368 oolp.
818 3297 829 3370 ll
847 3296 883 3352 15
901 3297 931 3352 in
946 3299 1043 3367 turpes
1057 3297 1098 3353 A⁶

118 3373 193 3422 ader
210 3365 221 3420 i
239 3372 328 3422 cetera
346 3369 379 3422 ia
395 3384 450 3423 ras.
467 3369 499 3422 iu
516 3369 571 3436 rino
590 3371 692 3438 aereus)
716 3369 725 3440 Η
748 3369 785 3423 24
804 3386 867 3424 oum
886 3371 954 3440 volu.
975 3385 1024 3423 our
1044 3376 1070 3425 A
1089 3369 1099 3442 Η

125 3438 416 3508 quantumcumque&
435 3442 630 3508 quantumque
645 3446 670 3495 A
690 3444 828 3510 quantum
847 3441 916 3512 volo.
937 3441 948 3513 Η
969 3441 1004 3496 27
1024 3458 1099 3496 sum·

73 3522 146 3563 mam
160 3522 179 3564 s
197 3526 307 3564 summa
321 3516 347 3565 A
