2438 3846
346 184 395 239 un
413 185 478 239 nra
496 185 563 240 nra.
577 185 625 240 111.
659 184 735 242 cnr.
751 191 776 242 e.
793 191 826 242 10
1040 187 1103 253 119

83 336 115 399 et
138 355 157 396 a
180 332 307 398 sitiente
330 335 363 396 et
385 332 424 396 ab
448 331 537 398 omni
555 331 687 398 homine
706 353 802 416 quem
826 331 934 414 aliqua
956 353 1006 397 res
1030 331 1103 396 urit.

82 444 158 487 nam
189 425 227 487 ut
258 421 366 487 ulcera
398 421 437 486 ad
469 422 573 486 levem
609 425 746 505 tactum,
782 420 896 486 deinde
930 421 1026 485 etiam
1064 421 1104 485 ad

83 511 299 595 suspicionem
326 513 431 577 tactus
460 511 702 594 condolescunt,
731 511 777 575 ita
803 511 930 577 animus
960 510 1103 575 adfectus

83 601 225 667 minimis
248 599 430 685 offenditur,
452 600 532 666 adeo
555 604 592 665 ut
619 600 776 685 quosdam
804 599 956 666 salutatio
984 603 1016 664 et
1039 599 1105 683 epi-

51 691 168 755 sstula
191 693 223 756 et
246 689 348 755 oratio
372 693 405 755 et
430 690 640 776 interrogatio
664 689 811 754 inlitam
839 692 985 754 evocent:
1012 710 1104 753 nnm-

83 801 181 864 quam
204 780 272 845 sine
296 779 437 864 querella
459 799 556 866 aegra
577 782 764 865 tanguntur.

172 867 212 933 X.
249 866 415 952 Optimum
439 872 488 934 est
506 869 615 951 itaque
638 868 679 932 ad
701 868 843 952 primum
874 867 951 931 mali
974 883 1138 932 sensum1

83 958 204 1023 mederi
222 957 296 1042 sibi,
314 961 385 1023 tum
398 958 504 1023 verbis
524 979 653 1042 quoque
671 958 738 1023 suis
757 956 927 1022 minimum
946 956 1104 1021 libertatis

83 1046 158 1112 dare
182 1050 214 1111 et
241 1045 384 1112 inhibere
412 1047 578 1130 impeturn.
623 1046 718 1112 facile
746 1049 795 1112 est
822 1050 929 1110 autem
960 1045 1139 1110 adfectusa

38 1158 65 1197 ιο
83 1158 169 1219 suos,
191 1156 266 1202 cum
289 1136 430 1219 primum
454 1136 615 1220 oriuntur,
638 1134 886 1218 deprehendere:
915 1134 1104 1200 morborum

84 1226 177 1312 signa
187 1229 406 1310 praecurrunt.
429 1224 700 1309 quemadmodum
713 1225 915 1310 tempestatis
926 1244 964 1289 ac
976 1224 1105 1307 pluviae

84 1319 157 1379 ante
180 1315 266 1398 ipsas
289 1318 386 1380 notae
408 1314 554 1398 veniunt,
578 1315 624 1380 ita
646 1313 727 1398 irae,
753 1313 872 1380 amoris
896 1312 1105 1395 omniumque

84 1405 218 1469 istarum
241 1404 455 1487 procellarum
483 1403 608 1471 animos
634 1403 821 1468 vexantium
845 1405 920 1469 sunt
948 1400 1104 1486 quaedam

82 1493 282 1576 praenuntia.
335 1492 392 1577 qui
423 1493 579 1559 comitiali
615 1493 695 1558 vitio
733 1493 838 1558 solent
869 1492 1003 1576 corripi,
1041 1492 1139 1556 iamt

39 1599 65 1641 ιε
84 1581 254 1647 adventare
289 1581 507 1647 valetudinem
543 1582 747 1668 intellegunt,
786 1582 814 1647 si
851 1582 939 1647 calor
980 1602 1106 1647 summa

84 1670 224 1737 desenrit
255 1674 287 1736 et
318 1671 477 1738 incertum
513 1672 624 1737 lumen
660 1692 897 1755 nervorumque
933 1671 1105 1755 trepidatio

83 1764 145 1845 est,
175 1761 204 1826 si
232 1761 389 1826 memoria
416 1760 596 1827 sublabitur
623 1764 783 1844 caputque
812 1763 970 1843 versatur,
1001 1759 1105 1825 solitis

84 1850 192 1935 itaque
215 1850 363 1916 remediis
382 1850 590 1934 incipientem
609 1871 738 1915 causam
758 1852 930 1934 occupant,
954 1853 986 1914 et
1008 1848 1105 1914 odore

84 1944 245 2026 gustuque
267 1938 426 2025 quidquid
449 1940 608 2024 estquod
631 1939 750 2026 alienat
773 1941 899 2004 animos
930 1939 1105 2023 repellitur,

39 2032 139 2093 aeaut
161 2029 313 2094 fomentis
336 2032 450 2095 contra
471 2029 575 2115 frigus
598 2029 801 2114 rigoremque
820 2032 996 2114 pugnatum
1020 2027 1104 2112 [aut]

84 2118 112 2181 si
134 2140 249 2202 parum
272 2118 432 2185 medicina
454 2117 607 2203 profecit,
629 2117 812 2182 vitaverimt
834 2117 962 2183 turbam
982 2119 1014 2181 et
1037 2117 1105 2181 sine

83 2211 164 2271 teste
187 2205 378 2272 ceciderunt
420 2206 552 2293 prodest
573 2208 723 2272 morbum
742 2229 837 2272 suum
855 2227 950 2272 nosse
969 2210 1001 2271 et
1021 2207 1105 2271 vires
1125 2220 1142 2268 4

84 2295 152 2360 eius
182 2299 353 2380 antequam
383 2296 564 2380 spatientur
594 2298 783 2380 opprimere.
829 2296 994 2360 videamus
1027 2295 1105 2378 quid

84 2384 141 2466 sit,
164 2385 251 2469 quod
268 2406 329 2451 nos
348 2385 487 2452 maxime
506 2386 659 2451 concitet:
682 2385 782 2449 alium
800 2384 986 2466 verborum,
1005 2384 1105 2448 aliurn

40 2491 66 2531 as
84 2493 191 2537 rerum
224 2475 437 2539 contumeliae
469 2477 614 2557 mouent,
645 2473 700 2538 hic
732 2474 803 2538 vult
838 2473 1016 2556 nobilitati,
1051 2472 1106 2537 hic

84 2560 207 2626 formae
230 2584 306 2628 suae
328 2563 431 2648 parci;
452 2563 507 2629 hic
525 2563 783 2648 elegantissimus
801 2562 914 2628 haberi
933 2562 1033 2645 cupit,
1050 2560 1106 2625 ille

84 2649 304 2734 doctissimus3
326 2651 381 2718 hic
403 2652 570 2736 superbiae
594 2652 754 2735 inpatiens
778 2655 840 2734 est,
863 2651 917 2716 hic
940 2654 1106 2716 contuma-

85 2739 165 2824 ciae3
189 2739 243 2804 ille
267 2761 375 2806 serres
396 2762 464 2806 non
481 2744 576 2826 putat
594 2740 709 2826 dignos
729 2741 846 2826 quibus
865 2741 1034 2822 irascatur,
1052 2739 1106 2805 hic

84 2829 170 2893 intra
191 2828 325 2894 domum
348 2851 460 2895 saevus
483 2833 544 2913 est,
568 2829 648 2895 foris
677 2829 780 2914 mitis3
807 2829 863 2895 ille
890 2829 997 2915 rogari
1025 2828 1106 2893 invi·

39 2936 66 2977 ac
84 2916 171 2982 diam
194 2918 327 3002 iudicat,
345 2918 484 2984 hicnon
501 2920 611 3004 rogari
629 2918 867 2984 contumeliam.
908 2939 976 2983 non
994 2938 1105 2983 omnes

84 3007 124 3071 ab
148 3007 258 3073 eadem
288 3010 379 3092 parte
405 3006 578 3091 feriuntur3
609 3008 690 3073 scire
720 3008 828 3092 itaque
859 3010 1001 3090 oportet,
1028 3004 1106 3090 quid

85 3096 118 3160 in
141 3098 173 3161 te
196 3096 381 3162 inbecillum
405 3096 460 3179 sit,
483 3100 521 3161 ut
543 3096 576 3160 id
599 3097 739 3161 maxime
761 3099 921 3181 protegas.

172 3268 191 3324 ὅ
209 3273 257 3325 oio
276 3271 313 3339 (=
327 3270 428 3340 oratio)
442 3271 470 3326 L
488 3276 521 3325 at
538 3269 606 3340 culp.
621 3269 695 3325 ratio
709 3271 737 3325 A
750 3269 761 3342 ll
778 3268 814 3325 18
833 3284 948 3323 caueam
962 3269 990 3323 A
1009 3283 1105 3323 casum

84 3340 144 3396 edd.
159 3348 223 3398 mete
237 3341 421 3409 (demonium,
434 3357 513 3412 queen
525 3357 550 3398 o.
565 3341 666 3397 observ.
681 3341 743 3397 ἰῶν.
758 3341 814 3396 111
825 3345 860 3395 14
873 3339 884 3413 ll
902 3338 937 3395 lc
951 3338 1105 3409 repellitur,

85 3413 135 3467 aut
149 3455 156 3468 .
171 3455 178 3469 .
195 3456 200 3467 .
215 3415 371 3484 pugnatur,
397 3413 422 3468 ei
446 3412 528 3470 Gertz
550 3411 709 3484 repellitur:
737 3414 787 3467 aut
803 3455 810 3467 .
826 3454 831 3467 .
849 3455 855 3467 .
873 3414 1030 3485 pugnatur,
1056 3414 1107 3466 aut

84 3485 109 3539 ai
123 3485 151 3540 A
168 3491 194 3540 et
211 3486 280 3556 vulp.
298 3484 309 3557 ll
325 3483 363 3540 24
379 3483 529 3540 uerborum
549 3487 576 3555 (c
595 3500 629 3542 ea
645 3488 665 3539 u
682 3487 763 3555 corr.)
778 3486 805 3539 A
824 3483 838 3556 ll
851 3483 887 3538 29
901 3483 972 3537 terte
989 3484 1117 3545 mata

83 3573 138 3611 rue.
154 3555 234 3631 duur.
250 3557 301 3611 litt.
315 3557 379 3624 fort.
390 3572 445 3627 pro
463 3555 489 3612 is
