2438 3846
126 128 168 195 86
322 125 352 179 a.
367 123 509 179 muln
526 122 691 179 enuncia
710 124 805 181 omn.
820 124 887 179 ma.
901 123 950 181 1v.

126 269 174 335 ira
196 270 280 335 enim
303 270 472 354 perturbat
489 273 591 336 artem
610 274 643 337 ot
662 292 726 354 qua
742 273 859 336 noceat
876 273 1002 336 tantum
1021 270 1144 355 aspicit.

126 382 221 444 saepe
244 359 354 443 itaque
376 359 459 425 ratio
483 360 672 444 patientiam
696 360 822 443 suadet,
844 359 892 424 ira
909 359 1094 444 vindictam,
1112 364 1145 424 et

126 448 182 532 qui
212 448 325 533 primis
356 449 489 535 defungi
515 447 609 514 malis
634 448 814 534 potuimus,
836 448 872 513 in
894 449 1015 515 maiora
1038 449 1144 514 devol-

90 538 239 603 4vimur.
286 538 442 622 quosdam
471 538 567 603 unius
596 538 688 604 verbi
719 538 915 604 contumelia
946 561 1013 604 non
1041 560 1144 622 aequo

126 627 234 692 animo
257 628 323 691 lata
345 627 380 691 in
403 626 536 692 axilium
558 628 707 712 proiecit,
733 630 766 692 et
788 628 845 711 qui
866 629 972 692 levam
993 627 1144 694 iniuriam
1177 649 1190 690 c

127 715 255 781 silentio
279 715 362 781 ferre
384 717 569 801 noluerant,
593 715 790 803 gravisdmis
813 716 907 782 malis
931 716 1038 782 obruti
1060 721 1146 800 sunt,

126 804 349 892 indignatique
381 804 502 889 aliquid
535 828 575 871 ex
606 805 793 890 plenissima
823 805 972 871 libertate
1004 805 1145 872 deminui

126 895 241 959 servile
264 894 299 958 in
321 915 390 960 sese
414 895 622 960 adtraxerunt
644 895 764 982 iugum.

92 1036 106 1086 1
216 1017 286 1083 XV.
311 1017 374 1085 ‘vt
393 1019 491 1084 scias'
514 1018 622 1104 inquit
642 1019 738 1086 ‘iram
756 1018 875 1084 habere
892 1019 928 1084 in
946 1041 980 1086 aa
999 1020 1146 1106 generosi

127 1107 263 1192 aliquid,
294 1106 411 1173 liberas
443 1108 567 1174 ridebis
604 1113 729 1195 gentes,
766 1130 848 1193 quae
884 1108 1147 1175 iracundissimae
1165 1132 1192 1172 ro

127 1202 216 1280 eunt,
248 1199 286 1261 ut
318 1195 492 1263 Germanos
525 1201 558 1261 et
589 1196 747 1282 Scythas?
800 1198 887 1281 quod
919 1199 1039 1281 evenit,
1071 1198 1147 1281 quia

127 1285 224 1351 fortia
256 1284 422 1370 solidaque
453 1291 569 1352 natura
601 1285 743 1373 ingenia,
775 1291 948 1372 antequam
978 1287 1148 1372 disciplina

127 1375 328 1459 molliantur,
358 1398 461 1460 prona
490 1376 525 1439 in
554 1376 634 1441 iram
663 1379 746 1441 sunt.
792 1376 950 1460 quaedam
973 1376 1058 1441 enim
1080 1398 1148 1441 non

127 1463 189 1527 nisi
235 1463 421 1529 melioribus
465 1464 676 1531 innascuntur
718 1465 870 1551 ingeniis,
917 1465 1002 1530 sicut
1041 1466 1148 1530 valida

127 1553 258 1617 arbusta
287 1552 372 1618 laeta
404 1554 549 1637 quamvis
581 1555 725 1620 neclecta
756 1554 852 1619 tellus
885 1557 986 1638 creat,
1018 1559 1051 1620 et
1082 1555 1148 1619 alta
1167 1576 1192 1619 rs

92 1641 256 1707 afecundi
284 1642 346 1707 soli
373 1642 454 1707 silva
477 1646 538 1708 est:
575 1643 684 1728 itaque
707 1647 740 1708 et
761 1643 892 1729 ingenia
913 1647 1029 1708 natura
1051 1644 1148 1708 fortia

128 1731 325 1796 iracundiam
346 1730 454 1796 ferimt
472 1732 616 1816 nihilque
635 1737 731 1797 tenue
750 1735 783 1797 et
801 1732 884 1797 exile
903 1732 1035 1818 capiunt
1053 1733 1149 1818 ignea

128 1825 161 1885 et
189 1819 327 1904 fervida,
356 1821 412 1885 sed
435 1821 630 1905 inperfectus
654 1821 718 1887 illie
741 1821 835 1908 vigor
857 1825 966 1887 estut
989 1823 1149 1906 omnibus,

129 1931 210 1993 quae
240 1909 308 1975 sine
338 1913 406 1974 arte
433 1909 535 1994 ipsius
562 1913 689 1976 tantum
711 1914 845 1976 naturae
868 1910 955 1976 bono
979 1914 1150 1997 exurgunt,

128 1999 184 2063 sed
206 1998 269 2063 nisi
292 1998 357 2064 cito
381 1999 504 2064 domita
526 2004 616 2084 sunt,
639 2021 721 2083 qnae
743 1998 928 2065 fortitudini
950 2004 1027 2084 apta
1050 2002 1150 2084 erant,
1168 2023 1194 2063 ro

92 2087 279 2153 aaudaoiae
301 2087 540 2172 temeritatique
564 2091 786 2155 consuescunt.
833 2088 933 2173 quid?
974 2111 1042 2154 non
1064 2089 1150 2154 miti-

128 2177 238 2242 oribus
266 2177 381 2242 animis
409 2177 489 2242 vitia
515 2178 639 2243 leniora
662 2177 834 2244 coniuncta
856 2181 946 2262 sunt,
968 2182 1006 2244 ut
1028 2178 1150 2243 miseri-

128 2266 237 2332 cordia
256 2271 289 2331 et
307 2287 398 2331 amor
416 2270 449 2331 et
466 2266 680 2332 verecundia?
710 2267 820 2351 itaque
839 2287 934 2352 saepe
952 2266 1014 2332 tibi
1029 2268 1150 2333 bonam

128 2355 270 2420 indolem
302 2355 396 2420 malis
429 2377 557 2441 quoque
590 2356 656 2422 suis
689 2356 870 2440 ostendam3
900 2357 956 2422 sed
983 2378 1050 2422 non
1076 2357 1149 2421 ideo

91 2460 109 2508 4
128 2445 208 2510 vitia
224 2466 293 2510 non
311 2448 401 2528 sunt,
419 2445 446 2509 si
464 2450 598 2511 naturae
617 2445 759 2511 melioris
776 2444 895 2510 indicia
914 2450 998 2510 suut.
1036 2445 1150 2511 deinde¹
1168 2467 1194 2509 as

129 2555 240 2599 omnes
264 2534 345 2599 istae
368 2533 495 2600 feritate
515 2535 636 2600 liberae
654 2538 766 2621 gentes
783 2534 915 2600 leonum
933 2536 1150 2619 luporumque

128 2623 193 2687 ritu
226 2627 263 2688 ut
295 2623 414 2687 servire
444 2645 512 2688 non
540 2629 693 2709 possunt,
721 2624 768 2689 ita
795 2644 856 2689 nec
883 2623 1055 2708 imperare3
1083 2645 1151 2689 non

130 2712 214 2777 enim
251 2711 386 2776 humani
421 2710 488 2776 vim
520 2712 656 2799 ingenii,
692 2711 748 2778 sed
780 2712 841 2777 feri
873 2716 906 2777 at
936 2713 1150 2778 intractabilis

128 2799 263 2884 habent3
292 2821 388 2866 nemo
419 2803 527 2866 autam
556 2823 667 2888 regere
696 2803 805 2885 potest
833 2800 897 2866 nisi
928 2801 983 2886 qui
1012 2806 1044 2867 et
1070 2801 1149 2888 regi.

93 2904 109 2954 o
129 2890 195 2955 iere
212 2890 321 2973 itaque
335 2889 472 2975 imperia
485 2912 583 2974 penes
602 2912 657 2956 eos
675 2891 765 2956 fuere
783 2891 932 2975 populos,
947 2891 1003 2975 qui
1022 2891 1151 2956 mitiore
1169 2912 1196 2954 eo

219 3135 234 3189 l
268 3134 385 3206 pturbat
412 3137 462 3205 A⁶,
495 3153 529 3192 ec
555 3136 597 3192 Α1
632 3138 725 3206 script.
762 3143 910 3207 appareat:
946 3136 1112 3206 pr...rbat
1142 3137 1153 3210 ll

128 3205 146 3260 2
173 3206 275 3260 suadet
300 3217 318 3261 s
342 3213 368 3262 at
391 3208 460 3278 culp.
486 3207 605 3262 inuadat
624 3209 687 3265 AL
713 3208 724 3281 d
750 3207 786 3263 15
810 3207 889 3263 laeta
912 3208 995 3264 Gertz
1020 3210 1050 3263 et
1074 3208 1152 3263 laeta

128 3278 191 3361 AL
212 3278 216 3350 Ι
238 3277 297 3333 alta
311 3279 339 3334 L
354 3278 473 3350 Madvip
480 3278 545 3382 ¹⁵alia
554 3279 612 3406 jd
628 3278 720 3408 {pieta
734 3279 791 3408 neirsi
805 3280 951 3407 (tempe.
961 3279 1152 3407 dederim·

120 3351 497 3500 tathi‘ducedddddoeludduidl
507 3368 592 3494 εἷοῑρ.
613 3369 692 3494 dudd
700 3368 744 3479 d,
762 3369 844 3497 118Ῑῖὶῖι
850 3424 924 3479 istae
935 3395 1011 3494 ’vulp
1031 3395 1097 3494 (iste
1114 3425 1151 3494 L)

109 3489 203 3541 mtme
213 3492 246 3544 Α
251 3492 264 3522 ⁶
273 3493 293 3563 ss
305 3492 346 3548 28
364 3493 422 3549 uim
444 3496 476 3550 in
494 3511 550 3552 ras.
566 3493 608 3552 Αὖ
