2438 3846
204 171 253 225 AD
273 168 446 224 uuucmu
464 169 513 223 Du
533 169 812 225 CONSOLATIONE
832 168 910 224 CAP.
926 176 959 224 2³
1031 173 1094 238 187

68 317 176 383 vivere
206 314 318 400 uellet,
350 314 485 381 Seianus
517 316 680 402 rogandus
714 321 796 400 erat,
828 316 855 381 si
888 316 984 399 mori,
1019 315 1095 396 filia,

68 410 205 492 uterque
227 405 449 471 inexorabilis:
472 406 641 471 constituit
663 405 765 470 filiam
784 405 904 470 fallere.
937 426 1014 470 usus
1038 405 1096 469 ita·

69 518 133 582 que
162 495 305 580 balineo,
337 494 398 581 [et]
429 517 494 579 quo
522 496 596 579 plus
623 494 742 560 virium
770 499 918 581 poneret,
950 496 985 559 in
1008 494 1096 560 cubi-

69 587 179 652 culum
207 606 241 651 se
267 585 360 669 quasi
385 588 573 671 gustaturus
599 584 738 650 contulit
763 588 795 649 et
821 584 961 650 dimissis
987 585 1096 669 pueris

36 674 227 760 squaedam
254 697 313 760 per
339 674 527 757 fenestram,
553 677 591 738 ut
613 673 776 739 videretur
803 672 920 757 edisse,
946 674 1097 759 proiecit3

68 788 88 830 a
111 787 190 830 cena
212 764 340 847 deinde,
363 763 456 848 quasi
474 763 539 828 iam
558 764 636 829 satis
655 764 689 828 in
708 763 856 829 cubiculo
877 764 1005 847 edisset,
1026 763 1096 828 abs-

68 855 175 919 tinuit.
212 855 314 919 altero
338 874 467 936 qnoque
491 853 542 918 die
565 857 597 917 et
614 853 711 919 tertio
730 853 816 917 idem
843 853 933 936 fecit3
961 856 1095 937 quartus

67 945 140 1029 ipsa
161 943 350 1008 infirmitate
373 943 517 1027 corporis
541 942 678 1007 faciebat
701 942 866 1008 indicium.
907 943 1095 1028 complexus

68 1033 177 1118 itaque
206 1037 253 1097 te:
284 1030 481 1098 ‘carissima'
510 1032 618 1116 inquit
649 1032 733 1096 ‘filia
761 1036 793 1097 et
815 1033 879 1098 hoc
902 1054 1003 1097 unum
1026 1035 1097 1097 tota

22 1145 50 1185 ιι
68 1122 172 1188 celata
193 1122 273 1205 rita,
303 1121 365 1186 iter
387 1121 502 1186 mortis
525 1120 690 1207 ingressus
713 1142 785 1186 sum
810 1125 842 1187 et
864 1122 929 1186 iam
953 1121 1095 1186 medium

67 1212 134 1277 fere
164 1215 273 1296 tene03
299 1232 450 1276 revocare
478 1231 530 1275 ma
552 1233 613 1277 nec
636 1210 733 1276 debes
756 1233 816 1276 nec
839 1209 953 1294 potes?
999 1214 1096 1294 atque

67 1301 115 1366 ita
136 1301 230 1366 iussit
252 1300 363 1365 lumen
386 1321 482 1364 omne
505 1300 670 1385 praecludi
693 1304 725 1365 et
748 1321 783 1366 se
801 1300 837 1364 in
854 1301 1002 1365 tenebras
1023 1321 1096 1365 con·

67 1389 158 1455 didit.
193 1389 325 1476 cognito
345 1389 481 1455 consilio
501 1389 569 1454 eius
588 1389 719 1474 publiea
737 1390 888 1474 voluptas
908 1393 989 1472 erat,
1008 1388 1096 1473 quod
1117 1409 1131 1456 7

67 1502 85 1545 e
108 1480 255 1545 faucibus
283 1479 544 1544 avidissimorum
571 1479 725 1564 luporum
753 1479 942 1544 educeretur
969 1479 1095 1564 praeda.

21 1589 48 1631 ιι
67 1572 270 1635 accusatores
294 1572 425 1634 auctore
444 1565 561 1633 Seiano
585 1568 706 1634 adeunt
724 1568 895 1633 consulum
913 1568 1097 1652 tribunalia,

68 1661 247 1742 queruntur
277 1658 361 1724 mori
374 1741 376 1744 y
389 1656 545 1741 Cordum,
575 1662 612 1723 ut
639 1658 884 1743 interpellarent
911 1657 998 1741 quod
1027 1679 1096 1724 coe

67 1752 194 1834 gerant:
218 1747 297 1814 adeo
316 1748 382 1812 illis
402 1745 524 1813 Cordus
543 1747 714 1812 videbatur
731 1747 880 1834 effugere.
914 1769 1096 1834 magnares
1116 1761 1131 1812 8

68 1841 138 1903 eret
164 1837 199 1901 in
227 1837 430 1922 quaestione,
459 1860 501 1902 an
528 1837 641 1902 mortis
664 1838 717 1903 ius
738 1839 786 1902 rei
808 1837 992 1922 perderent3
1019 1837 1096 1902 dum

68 1926 276 2010 deliberatur,
300 1927 378 1991 dum
402 1930 604 1992 accusatores
622 1927 741 1991 iterum
760 1927 895 2010 adeum,
917 1927 1024 1992 illese
1044 1928 1096 1991 ab·

22 2036 49 2077 so
67 2016 216 2081 solverat.
248 2016 389 2099 videsne,
407 2014 537 2100 Marcia,
556 2019 694 2100 quantae
710 2016 898 2099 iniquorum
911 2020 1096 2101 temporum

67 2105 154 2171 vices
177 2127 218 2171 ex
240 2104 408 2189 inopinato
431 2104 607 2192 ingruant?
644 2106 715 2189 fles,
739 2105 827 2190 quod
850 2105 947 2170 alicui
964 2110 1097 2170 tuorum

67 2195 151 2260 mori
173 2216 304 2260 necesse
326 2193 411 2259 fuit?
456 2217 559 2280 paene
581 2217 649 2259 non
670 2195 772 2260 licuit.

157 2282 276 2349 XXIII.
315 2282 445 2349 Praeter
468 2284 531 2351 hoc
550 2284 637 2368 quod
657 2307 752 2349 omne
770 2285 917 2349 futurum
937 2284 1097 2349 incertum
1117 2301 1131 2348 1

68 2377 119 2439 est
141 2378 175 2439 et
197 2373 239 2438 ad
259 2372 419 2440 deteriora
441 2374 575 2458 certius,
598 2373 791 2439 facillimum
815 2374 855 2439 ed
879 2395 1013 2458 superos
1037 2374 1098 2438 iter

22 2482 48 2524 ss
67 2466 117 2529 est
158 2462 274 2528 animis
311 2463 376 2529 cito
414 2463 454 2528 ab
491 2465 633 2528 humana
650 2464 910 2529 conversatione
943 2462 1097 2546 dimissis3

67 2573 239 2617 mmrmum
263 2552 349 2618 enirn
371 2552 485 2636 faecis,
507 2552 659 2638 ponderis
682 2555 858 2618 traxerunt.
901 2556 975 2617 ante
999 2574 1097 2635 quam

68 2689 188 2774 irnperio
206 2692 307 2776 natum
322 2691 446 2776 Karsten
465 2692 494 2745 et
510 2692 568 2776 iam
586 2691 631 2746 illi
648 2693 752 2747 minari
771 2692 910 2776 impetum
928 2693 962 2747 P.
980 2693 1099 2747 ilwmus

67 2763 714 2904 recensuerimus
728 2763 758 2890 1
772 2780 846 2903 {a
855 2763 1099 2917 11311111

68 2920 124 2973 quo
143 2905 177 2960 P.
197 2905 314 2960 Ilium
337 2903 441 2959 balneo
465 2907 521 2973 est,
564 2921 601 2960 uo
616 2949 623 2961 .
639 2947 645 2960 .
663 2907 794 2975 poneret,
818 2909 847 2961 et
864 2924 895 2960 m
914 2905 977 2962 cub.
996 2907 1072 2961 Held
1088 2905 1099 2978 ΙΙ

67 2975 86 3030 4
105 2974 230 3030 dimissis
248 2977 280 3031 F
300 2977 370 3047 volu.
391 2975 487 3032 dimisi
500 2978 532 3032 A
545 2922 565 3048 ll
580 2977 607 3057 ,5
630 2978 751 3046 proiecit
764 2979 796 3033 F
809 2978 879 3048 colu.
900 2977 1029 3047 proiecta
1042 2979 1071 3032 A
1088 2986 1099 3039 Η

67 3046 102 3101 11
122 3045 196 3102 ferre
209 3048 238 3102 A
259 3046 271 3120 ll
295 3045 331 3101 18
350 3047 444 3116 cogsto
458 3048 487 3102 A
510 3046 521 3119 ll
542 3047 578 3101 15
597 3048 705 3104 adeunt
721 3062 738 3103 s
756 3048 859 3102 adeum
873 3049 901 3103 A
924 3049 934 3121 Η
957 3049 993 3103 lc
1010 3049 1098 3103 inter-

67 3117 210 3186 pellarent
230 3130 247 3170 s
272 3116 470 3186 interpellari
492 3120 525 3172 iu
542 3119 598 3187 flue
615 3135 711 3175 uersus
734 3119 950 3188 interpellantes
969 3121 1067 3174 Haase
1091 3123 1096 3188 l

65 3194 130 3314 {rget
147 3188 480 3314 mdiiiimldaiifflfiiil
498 3190 581 3243 orant
600 3189 665 3245 add.
684 3191 753 3316 igni,
767 3193 855 3273 'orant
875 3190 958 3246 Gertz
974 3192 1069 3274 1(1889)
1087 3198 1099 3253 ΙΙ
1195 3259 1199 3265 ,

67 3329 104 3386 22
121 3276 214 3400 litui
244 3301 295 3385 tuo
327 3276 392 3388 alolde
403 3258 681 3401 'ipaentuatlddiddstt
711 3259 1099 3402 tutticedtsidwdlerlttlfflhdit

67 3405 102 3459 P.
121 3403 240 3460 nomas
263 3401 274 3476 ll
297 3401 334 3459 26
356 3402 426 3460 fecis
448 3404 583 3475 ponderis
601 3407 630 3461 A
652 3405 800 3461 rectissime
824 3406 885 3476 (cfr.
899 3405 967 3461 diui.
984 3407 1095 3473 V18,1

73 3475 119 3531 VI
126 3478 146 3532 2
160 3481 229 3532 aur.
241 3481 268 3530 et
281 3478 362 3548 122)
376 3474 465 3534 faecis
479 3477 590 3549 pondus
602 3475 684 3534 cese
696 3474 803 3532 faecosi
816 3477 951 3546 ponderis
961 3477 1105 3534 &actua

67 3546 145 3603 foedi
163 3547 298 3616 ponderis
311 3549 408 3622 Pauly
