2438 3846
270 174 320 229 DE
339 172 574 230 CONSTANTIA
593 172 782 228 SAPIENTIS
802 171 879 230 GAP.
894 178 952 229 4.5
1080 177 1123 242 25

183 319 240 387 IV.
265 319 376 398 ‘Quid‘
398 319 498 407 ergo?
542 342 609 386 non
642 322 703 386 erit
739 320 857 405 aliquis
895 320 951 404 qui
985 321 1157 404 sapientil

92 411 199 477 facere
231 414 368 495 temptet
399 409 584 475 iniuriaml'
634 411 821 495 temptabit,
857 408 914 474 sed
949 430 1017 474 non
1053 433 1124 494 per-

92 504 263 566 venturam
292 500 332 564 ad
360 522 448 584 eum3
475 501 597 564 maiore
625 501 711 565 enim
734 500 905 565 intervallo
929 523 949 564 a
971 502 1124 565 contactu

91 591 284 657 inferiorum
307 589 465 655 abductus
488 593 551 672 est,
574 612 672 674 quam
695 593 733 655 ut
755 591 823 655 ulla
836 590 886 655 vis
904 589 1003 654 noxia
1019 611 1123 674 usque

58 680 136 746 sad
162 680 256 746 illum
281 679 364 745 vires
394 700 470 745 suas
499 679 648 764 perferat.
694 680 792 745 etiam
820 701 895 745 cum
917 682 1067 764 potentes
1091 683 1124 744 et

92 770 230 855 imperio
255 768 333 835 editi
356 772 388 834 et
411 790 571 834 consensu
594 769 804 835 servientium
818 767 918 834 validi
940 791 1057 835 nocere
1075 770 1123 834 in-

91 859 240 944 tendent,
271 863 338 924 tam
371 859 452 925 citra
479 858 670 944 sapientiam
703 879 815 924 omnes
843 881 955 924 eorum
982 859 1123 943 impetus

93 949 258 1034 deficient,
285 970 384 1034 quam
412 971 494 1034 quae
521 970 621 1013 nervo
649 949 861 1014 tormentisne
887 949 923 1013 in
945 948 1048 1014 altum
1071 970 1124 1014 ex·

92 1038 295 1125 primnntur,
326 1060 402 1104 cum
434 1041 525 1104 extra
546 1038 653 1104 visum
684 1037 860 1123 exilierint,
889 1039 970 1103 citra
997 1037 1123 1103 caelum

44 1132 204 1195 sotanwn
225 1127 409 1194 flectuntur.
455 1127 557 1212 quid?
596 1132 634 1193 tu
656 1131 752 1213 putas
775 1132 862 1211 tum,
887 1149 962 1193 cum
985 1127 1159 1194 stolidnsa

92 1218 149 1284 ille
180 1240 239 1284 rex
269 1217 479 1284 multitudine
510 1218 651 1283 telorum
678 1217 765 1284 diem
794 1218 995 1302 obscuraret,
1022 1217 1123 1282 ullam

92 1307 246 1396 sagittam
269 1307 424 1373 insolam
447 1306 599 1373 incidisse
621 1310 679 1373 aut
700 1305 848 1373 demissis
866 1307 902 1372 in
923 1306 1124 1391 profundum

92 1397 215 1464 catenis
251 1396 444 1482 Neptunum
484 1397 630 1481 potuisse
672 1396 840 1482 contingi?
894 1400 932 1461 ut
973 1396 1125 1462 caelestia

91 1486 252 1554 humanas
275 1507 391 1553 manus
415 1486 576 1574 effugiunt
593 1490 626 1553 et
645 1487 685 1552 ab
703 1485 755 1552 his
775 1487 832 1571 qui
849 1486 972 1572 templa
990 1486 1125 1552 diruunt

44 1595 73 1638 ιι
91 1598 131 1643 ac
153 1577 328 1643 simulacra
349 1576 494 1642 conflant
515 1576 600 1642 nihil
613 1575 778 1642 divinitati
799 1580 948 1661 nocetur,
970 1577 1017 1641 ita
1035 1576 1124 1661 quio-

92 1666 172 1752 quid
204 1667 243 1732 fit
274 1666 310 1732 in
340 1665 519 1751 sapientem
551 1670 717 1752 proterve,
747 1666 946 1752 petulanter,
977 1666 1124 1751 superbe,

91 1757 214 1822 frustra
244 1758 432 1841 temptatur.
479 1755 525 1821 ‘at
557 1756 658 1822 satius
686 1760 755 1822 erat
782 1755 946 1821 neminem
974 1777 1044 1829 esse
1067 1756 1159 1840 quis

91 1845 198 1912 facere
220 1843 340 1911 vellet'
372 1867 441 1911 rem
465 1845 632 1911 difficilem
656 1849 750 1930 optas
770 1845 915 1911 humano
934 1845 1059 1932 generi,
1076 1845 1125 1910 in-

91 1935 292 2021 nocentiam3
324 1939 357 2002 et
387 1956 456 2001 non
490 1935 562 2001 fieri
594 1957 707 2000 eorum
739 1936 874 2001 interest
915 1934 972 2020 qui
1000 1934 1124 2001 ‘facturi

44 2043 74 2086 so
91 2029 183 2110 sunt,
212 2047 281 2091 non
312 2026 382 2091 eius
414 2025 471 2110 qni
503 2025 572 2110 pati
603 2048 645 2091 ne
677 2027 706 2091 si
742 2026 801 2091 fiat
837 2024 968 2111 quidem
1006 2027 1123 2111 potest.

90 2115 192 2181 immo
222 2115 332 2181 nescio
360 2137 403 2180 an
429 2117 534 2202 magis
557 2114 642 2181 vires
665 2116 842 2201 sapientise
865 2114 1016 2181 ostendat
1037 2119 1123 2180 tran·
1191 2197 1193 2201 Ι

92 2204 238 2289 qnillitas
256 2204 342 2270 inter
358 2205 564 2289 lacessentia,
586 2205 672 2270 sicut
696 2207 875 2271 maximum
894 2208 1124 2292 argumentum

91 2297 142 2360 est
170 2293 374 2378 imperatoris
403 2294 501 2360 armis
524 2294 667 2380 virisque
696 2296 849 2381 pollentis
872 2299 945 2360 tnta
967 2294 1123 2360 securitas

90 2385 127 2460 in
148 2383 294 2460 hostium
316 2387 410 2449 terra.
1198 2463 1201 2468 .

45 2490 72 2532 ει
182 2472 222 2539 V.
245 2472 452 2557 Dividamus,
481 2474 510 2539 si
541 2475 602 2539 tibi
631 2474 773 2557 videtur,
805 2471 939 2558 Serene,
970 2473 1157 2540 iniuriamn

90 2585 112 2628 a
125 2563 330 2629 contumelia.
362 2563 453 2649 prior
470 2564 528 2629 illa
545 2568 662 2629 natura
679 2564 810 2650 gravior
833 2566 895 2648 est,
917 2563 998 2629 haec
1019 2563 1123 2628 levior

91 2655 125 2718 et
146 2655 275 2718 tantum
296 2652 441 2730 delicatis
459 2654 583 2739 gravis,
606 2676 671 2738 qua
692 2675 760 2719 non
781 2653 955 2719 laeduntur
972 2652 1122 2718 homines

91 2739 149 2808 sed
171 2741 388 2807 offenduntur.
433 2745 525 2808 tanta
548 2746 597 2808 est
619 2747 729 2809 tamen
749 2744 932 2808 animorum
950 2741 1122 2808 dissolutio

92 2833 125 2896 et
147 2831 288 2917 vanitas,
318 2835 356 2897 ut
388 2831 520 2916 quidam
552 2831 636 2897 nihil
667 2833 812 2899 acerbius
842 2836 972 2917 putent:
1001 2832 1048 2898 sic
1075 2831 1123 2896 in-

181 2970 282 3026 dulla
305 2988 374 3028 corr.
396 2988 431 3026 en
454 2970 513 3026 vila
534 2972 599 3040 fort.
621 2971 664 3028 A¹
687 2971 698 3045 ΙΙ
722 2972 740 3027 5
763 2974 793 3026 et
811 2971 974 3041 imperioA
993 2970 1033 3039 ei,
1052 2972 1120 3042 imp.

92 3041 190 3110 Gens,
203 3049 270 3112 post
287 3059 390 3099 nocere
408 3043 474 3099 add.
494 3043 522 3098 ei
540 3042 580 3116 ςΙΙ
597 3042 616 3096 c
634 3043 707 3117 editi
721 3045 749 3100 A
767 3060 836 3100 corr.
851 3044 921 3114 oolq.
938 3043 950 3116 ΙΙ
967 3042 1001 3096 ll
1022 3041 1122 3098 obscu-

91 3133 169 3187 raret
186 3132 213 3200 (c
230 3133 410 3202 s.n.mcn.1)
425 3131 509 3204 Jlulla
526 3136 606 3198 (nas.
621 3135 644 3202 t)
663 3133 692 3188 A
716 3132 726 3205 Η
751 3131 786 3186 12
809 3132 940 3187 demissis
963 3134 1123 3188 Pincianae

92 3201 217 3259 dimissis
231 3204 260 3258 A
276 3202 288 3277 Η
310 3203 347 3259 le
365 3203 523 3274 constringi
540 3206 611 3260 coni.
627 3205 746 3274 Bentley
762 3202 774 3288 l]
796 3203 832 3259 15
850 3203 1024 3288 simulacrals
1037 3205 1065 3273 (1
1078 3204 1120 3286 lit.

91 3279 173 3401 iffi
194 3272 266 3421 ,id
290 3272 590 3418 brumatin
610 3275 974 3416 {insibilabat
994 3276 1122 3416 siste

91 3416 128 3474 22
151 3410 323 3504 lacessentia
344 3419 395 3505 A¹,
420 3420 524 3476 lineola
544 3426 642 3490 postea
667 3437 748 3505 nasa
772 3427 812 3504 eat
835 3419 845 3493 ll
869 3418 906 3474 23
928 3417 1139 3556 imperaturus<

92 3504 179 3547 ermis
188 3492 217 3547 A
231 3493 312 3562 (erae
321 3493 378 3549 nd.
389 3493 442 3562 est)
457 3509 526 3549 corr.
536 3494 605 3564 oolp.
615 3492 626 3566 ll
639 3491 675 3548 24
685 3511 715 3548 ιιι
724 3493 853 3548 hostiurn
858 3490 1146 3556 turbu-Kionin&

90 3560 128 3618 28
145 3561 348 3620 offednnturA
368 3563 377 3637 l
396 3565 479 3620 tants
498 3566 542 3622 est
560 3568 715 3628 tamenin
733 3585 794 3626 sca.
812 3565 852 3624 A*
