2438 3846
413 165 462 220 DE
480 164 545 220 lna
565 164 631 224 LIB.
646 164 667 220 I.
687 163 765 221 cAP.
781 169 795 220 1
1076 168 1119 232 47

94 334 176 398 quos
199 312 248 377 ira
265 311 424 396 possedit,
446 312 554 396 ipsum
573 311 704 378 illorum
723 311 870 376 habitum
890 310 1027 395 intuere3
1044 334 1121 377 nam

91 406 130 467 ut
152 402 329 467 firmatim
353 404 440 466 certa
462 399 582 465 indicia
605 403 681 466 sunt
704 400 810 465 auda'x
828 402 860 465 et
878 401 989 465 minax
1002 401 1122 484 vultus,

92 492 196 558 tristis
228 491 334 574 frons,
364 494 458 556 torva
489 490 603 574 facies,
639 490 757 555 citatus
790 488 923 576 gradus,
959 490 1121 574 inquietae

92 601 223 664 manus,
252 579 341 645 color
363 601 488 663 versus,
518 579 629 646 crebra
656 583 689 644 et
711 579 932 645 vehementius
960 584 1033 645 acta
1055 601 1123 646 sus·

59 670 191 755 apina,
222 669 270 733 ita
301 669 508 734 irascentium
541 667 652 734 eadem
680 669 774 755 signa
801 671 890 735 sunt:
922 668 1061 754 flagrant
1085 686 1158 734 ael

93 758 216 826 micant
248 759 350 841 oculi,
381 758 504 823 multus
536 780 591 822 ore
623 761 694 824 toto
722 758 823 823 rubor
849 761 1055 824 exaestuante
1082 759 1122 823 ab

93 848 168 914 imis
204 846 400 932 praecordiis
437 847 609 934 sanguine,
643 848 735 913 labra
772 847 975 933 quatiuntur,
1012 844 1122 912 dentes

94 939 368 1022 comprimuntur,
389 937 523 1002 horrent
546 958 584 1002 ac
612 938 817 1024 surriguntur
836 937 961 1021 capilli,
990 937 1123 1022 spiritus
1196 980 1198 984 -

93 1031 224 1094 coactus
249 1047 286 1091 ao
309 1026 461 1110 stridens,
489 1026 699 1091 articulorum
725 1048 759 1092 se
782 1027 871 1111 ipsos
901 1028 1123 1112 torquentium

47 1140 76 1180 ro
94 1139 208 1199 sonus,
231 1116 370 1201 gemitus
389 1117 598 1201 mugitusque
613 1118 645 1179 et
659 1137 774 1199 parum
793 1116 974 1201 explanatis
988 1116 1122 1182 vocibus

93 1226 199 1272 sermo
228 1203 420 1289 praeruptus
448 1209 481 1269 et
508 1205 682 1289 conplosae
710 1206 836 1289 saepius
859 1220 975 1272 manus
999 1207 1031 1269 ot
1053 1205 1125 1289 pul·

94 1297 164 1361 sata
186 1294 304 1361 humus
328 1294 463 1379 pedibus
478 1297 511 1359 et
524 1298 630 1363 totum
650 1294 814 1360 concitum
833 1316 950 1380 eorpus
966 1295 1125 1381 ‘magnas-

94 1406 158 1470 que
187 1385 253 1449 irae
283 1385 387 1451 minas
418 1383 539 1470 agens',
568 1384 663 1449 foeda
685 1384 758 1449 visu
788 1388 821 1449 et
842 1384 1003 1449 horrenda
1025 1384 1123 1450 facies

94 1474 339 1559 depravantium
356 1496 389 1538 ss
404 1478 500 1558 atque
519 1474 802 1539 intumescentium
818 1510 860 1521 —
875 1474 999 1540 nescias
1014 1477 1124 1538 utrum
1144 1491 1161 1540 o

48 1587 77 1630 rs
94 1563 199 1648 magis
230 1562 417 1629 detestabile
438 1563 556 1627 vitium
584 1563 627 1629 sit
654 1585 696 1628 an
723 1559 874 1630 deforme.
920 1567 1026 1629 cetera
1047 1564 1125 1628 licet

95 1651 290 1718 abscondere
318 1656 351 1716 et
377 1653 412 1716 in
435 1652 545 1718 abdito
569 1653 667 1717 alere:
690 1653 739 1718 ira
762 1674 795 1719 se
819 1652 943 1737 profert
966 1656 999 1716 et
1021 1653 1056 1715 in
1079 1653 1124 1716 fa-

95 1741 178 1808 ciem
201 1742 278 1825 exit,
297 1746 483 1826 quantoque
501 1743 615 1825 maior,
631 1743 695 1807 hoe
714 1742 893 1808 effervescit
913 1741 1124 1807 manifestius.

94 1853 163 1897 non
185 1831 274 1897 vides
298 1835 336 1895 ut
359 1832 505 1896 omnium
528 1832 732 1917 animalium,
757 1831 855 1897 simul
878 1832 919 1897 ad
941 1831 1124 1897 nocendum

95 1922 351 2004 insurrexerunt,
378 1925 587 2006 praecurrant
612 1925 708 1987 notae
736 1942 775 1987 ac
797 1924 868 1986 tota
890 1942 1027 2005 corpora
1051 1921 1125 1986 soli-

48 2037 77 2078 ao
94 2015 166 2076 tum
185 2012 395 2095 quietumque
413 2011 619 2096 egrediantur
636 2010 784 2077 habitum
803 2014 836 2075 et
853 2010 1014 2075 feritatem
1034 2031 1125 2074 suam

96 2098 307 2184 exasperent?
339 2103 491 2183 spumant
510 2101 596 2184 apris
614 2122 685 2184 ora,
703 2100 814 2166 dentes
829 2103 989 2166 acuuntur
1003 2099 1125 2182 attritu,
1144 2116 1163 2165 o

95 2192 262 2254 taurorum
286 2209 407 2253 cornua
429 2189 590 2254 iactantur
612 2190 647 2253 in
669 2210 807 2255 vacuum
831 2193 863 2255 et
886 2190 1006 2254 harena
1028 2189 1126 2272 pulsu

95 2278 216 2362 pedum
248 2279 426 2362 spargitur,
460 2279 569 2344 leones
607 2278 764 2364 fremunt,
800 2279 955 2344 inflantur
992 2279 1125 2343 irritatis

96 2367 182 2432 colla
200 2366 416 2454 serpentibus,
433 2366 617 2433 rabidarum
637 2389 753 2434 canum
772 2368 874 2433 tristis
893 2371 1042 2453 aspectus
1064 2370 1126 2432 est:

187 2614 297 2669 2sunt.
318 2615 412 2669 audax
431 2633 450 2670 a
471 2617 719 2685 interpunctionem
742 2632 811 2670 corr.
831 2615 915 2671 Gertz
939 2615 949 2687 ΗΗ
974 2615 992 2669 6
1016 2617 1125 2670 exestu-

97 2688 165 2741 ante
178 2687 232 2740 Ls
250 2689 279 2740 et
293 2689 424 2742 estuante
438 2704 457 2742 a
470 2686 480 2759 ΗΗ
500 2687 515 2741 7
530 2687 604 2756 ymis
618 2704 637 2742 a
650 2689 660 2757 Η
677 2685 696 2740 9
708 2687 906 2756 torquencium
920 2704 939 2740 a
952 2686 962 2759 ΗΗ
980 2686 1014 2741 11
1030 2687 1126 2757 oplose

98 2757 193 2828 sapius
212 2776 231 2813 a
253 2757 264 2832 ΗΗ
289 2757 324 2812 12
342 2773 518 2828 magnasque
536 2759 578 2813 ire
593 2762 627 2829 (1)
646 2760 738 2812 minas
757 2773 845 2829 agens
864 2759 920 2813 aL
938 2775 1021 2829 qnam
1039 2759 1126 2828 scrip-

97 2836 191 2886 turam
217 2836 289 2885 recte
315 2830 424 2885 videtin
449 2829 593 2897 &fondere
616 2831 652 2886 A.
673 2831 791 2887 Itomae
818 2845 967 2902 opnoscens
994 2831 1126 2886 iambicos

97 2917 225 2957 numeros
252 2902 381 2972 (Hermes
399 2902 547 2957 XXVIII
566 2920 596 2972 p.
612 2903 686 2972 278).
714 2904 793 2958 mitto
820 2904 992 2958 coniectores
1016 2920 1057 2958 vv.
1079 2902 1124 2959 dd.

93 2990 199 3044 porum
213 2973 371 3042 probabiles
392 2973 403 3046 ΗΗ
424 2973 461 3028 lc
479 2971 546 3028 leda
564 2991 583 3028 α
602 2973 613 3046 ΗΗ
635 2972 671 3029 14
690 2973 910 3044 deprauantium
929 2989 959 3028 se
978 2975 1064 3044 atque
1082 2974 1126 3029 in·

97 3045 316 3100 tumescentium
340 3046 367 3099 L
394 3045 463 3116 aolp.
488 3045 682 3114 deprauancir'r
708 3045 801 3115 adque
826 3045 1050 3100 intumescenciu
1073 3063 1092 3101 a
1116 3045 1128 3118 ΗΗ

98 3115 135 3171 15
152 3116 231 3170 uicisr
249 3134 269 3170 a
285 3115 296 3189 ΗΗ
318 3114 354 3169 16
373 3117 450 3172 etin
469 3115 568 3170 abdito
583 3118 610 3172 L
627 3118 697 3189 votp.
717 3120 747 3172 et
765 3116 864 3172 abdito
882 3135 901 3172 a
919 3115 929 3190 ΗΗ
951 3116 986 3172 17
1006 3118 1126 3186 quanto·
1211 3149 1216 3159 ·

99 3202 154 3257 que
172 3187 264 3242 maior
283 3205 301 3242 a
325 3189 368 3242 est
392 3189 460 3259 ootp.
482 3188 603 3256 addunt,
627 3189 675 3244 sed
694 3188 744 3256 cfr.
764 3189 839 3245 clem.
859 3191 881 3244 I
892 3191 946 3256 5,4
966 3192 1002 3259 (p.
1017 3191 1127 3258 224,ae

99 3260 181 3330 Hos.)
200 3260 267 3314 dial.
284 3261 341 3314 III
356 3263 427 3326 13,2
448 3260 458 3333 ΗΗ
482 3259 519 3314 19
536 3262 673 3330 paumant
690 3262 757 3316 note
776 3261 832 3316 aL
854 3261 1023 3331 procurrant
1041 3263 1127 3316 notae

100 3330 247 3386 addente
272 3330 444 3397 Fickertun,
469 3333 529 3386 sine
552 3331 638 3387 dnbio
659 3338 736 3388 recte.
771 3331 832 3387 irae
855 3339 919 3388 anate
941 3333 1127 3402 praecurrant

100 3401 165 3457 odd.
186 3401 283 3468 Gertz,
303 3408 336 3458 nt
353 3403 453 3457 habent
470 3409 555 3472 ponet.
579 3403 705 3458 omnium
724 3402 891 3458 animalium
909 3403 984 3458 ande
997 3403 1126 3473 pendent.

100 3480 222 3544 ennean
240 3471 371 3528 omnibus
390 3474 421 3528 in
440 3473 611 3529 animalibus
631 3517 637 3530 .
654 3517 660 3531 .
677 3516 683 3531 .
699 3516 705 3532 .
724 3477 893 3545 procurrant
913 3475 923 3548 Η
941 3491 975 3529 ac
993 3492 1013 3528 c
1030 3475 1065 3529 et
1078 3473 1144 3538 Iit¹

100 3543 137 3602 20
150 3544 335 3616 quietumque
349 3546 377 3602 L
395 3545 524 3617 quietum
542 3563 562 3605 a
578 3545 593 3626 ΗΗ
607 3545 646 3605 22
664 3552 756 3606 arena
774 3566 796 3608 a
