2438 3846
341 183 390 238 ΒΕ
409 183 473 238 IRA
492 182 559 238 LlB.
574 181 621 238 111.
653 181 730 238 cAP.
746 188 788 239 11.
805 189 838 238 12
1045 187 1107 253 121

86 331 263 396 humanum
286 329 329 396 sit
351 333 494 395 autnon
516 329 646 394 humile.
692 351 730 395 eo
754 351 814 395 nos
837 330 911 395 loeo
935 330 1110 396 eonstitua·
1128 346 1144 394 3

86 442 166 504 mus,
186 440 251 505 quo
270 419 325 484 ille
339 421 388 485 est
402 419 455 484 oui
468 419 651 484 irascimur:
668 439 756 485 nuno
771 417 851 484 faoit
863 440 923 484 nos
937 419 1108 485 iracundos

85 510 198 593 iniqua
218 509 323 575 nostri
346 507 527 574 aestimatio
556 511 589 575 et
616 530 697 593 quae
724 509 829 574 faeere
856 509 1012 574 vellemus
1040 510 1109 594 pati

84 599 245 664 nolumus.
289 620 385 663 nemo
409 619 442 663 se
465 597 585 662 differt:
608 598 699 682 atqui
721 620 908 663 maxumum
931 598 1108 663 remedium
1128 616 1145 663 4

54 708 67 748 a
85 689 151 753 irae
181 688 294 753 dilatio
322 691 383 770 est,
411 691 449 752 ut
470 688 595 773 primus
618 687 686 753 eius
707 686 815 753 fervor
836 687 1059 773 relanguescat
1077 692 1111 755 et

85 778 190 863 ealigo
227 799 309 862 quae
341 776 461 862 premit
494 780 636 842 mentem
668 780 725 841 eut
754 776 874 842 residat
910 780 967 841 aut
1002 778 1109 843 minus

86 867 183 933 densa
197 868 248 933 sit.
280 867 437 951 quaedem
452 888 492 931 ex
509 867 570 950 hie,
586 888 668 951 quae
681 869 714 931 te
728 865 936 950 praeeipitem
955 866 1111 951 ferebant,

84 957 177 1041 hore,
200 979 267 1022 non
286 960 414 1021 tentum
434 955 501 1022 dies
520 956 658 1040 molliet,
678 955 834 1039 quaedam
853 977 894 1020 ex
906 958 977 1021 toto
997 978 1109 1022 evane-

85 1050 187 1130 saent3
218 1047 245 1111 ei
268 1046 352 1111 nihil
375 1046 477 1133 egerit
503 1046 606 1131 petita
633 1044 817 1129 advocatio,
846 1045 1014 1130 apparebit
1043 1046 1108 1110 iam

40 1155 67 1195 ιο
85 1136 240 1201 iudicium
272 1158 355 1218 esse,
386 1157 453 1201 non
485 1135 576 1200 iram.
622 1134 779 1219 quidquid
811 1135 901 1199 voles
939 1136 1033 1219 quale
1066 1136 1109 1201 sit

85 1226 178 1309 seira,
201 1226 341 1310 tempori
360 1225 464 1290 trade:
486 1225 571 1290 nihil
588 1223 760 1310 diligenter
779 1225 814 1289 in
833 1224 934 1290 fluotu
958 1225 1107 1290 cernitur.

83 1337 150 1380 non
172 1314 280 1399 potuit
302 1316 464 1400 inpetrare
485 1337 504 1379 a
522 1336 556 1381 se
574 1313 667 1379 Plato
686 1317 829 1398 tempus,
847 1334 922 1380 oum
941 1335 1033 1380 servo
1049 1336 1108 1380 suo
1128 1328 1144 1378 5

84 1405 286 1488 immoretur,
309 1406 366 1471 sed
388 1426 508 1489 ponere
530 1405 624 1470 illum
654 1404 764 1470 statim
791 1404 935 1469 tunioam
964 1408 997 1469 et
1019 1426 1109 1489 prae·

83 1494 157 1559 bere
180 1495 327 1579 scapulas
346 1493 532 1561 verberibus
550 1494 645 1560 iussit
664 1516 722 1559 sua
739 1516 837 1559 manu
855 1494 925 1576 ipse
943 1514 1108 1578 caesurus3

40 1602 65 1643 ιε
82 1586 255 1669 postquam
278 1584 438 1650 intellexit
465 1584 562 1649 irasoi
588 1605 635 1668 se,
664 1584 748 1649 siout
775 1583 950 1650 sustulerat
976 1604 1109 1648 manum

83 1694 271 1758 suspensam
294 1673 458 1740 detinebat
480 1676 513 1738 et
531 1674 636 1739 stabat
654 1687 846 1758 percussuro
866 1672 994 1757 similis3
1013 1673 1109 1738 inter·

82 1765 215 1848 rogatus
239 1763 353 1830 deinde
376 1763 416 1829 ab
440 1763 558 1846 amieo,
586 1763 644 1847 qui
666 1762 751 1828 forte
773 1763 1001 1846 intervenerat,
1029 1762 1109 1846 quid

83 1856 205 1938 ageret:
226 1852 357 1940 ‘exigo'
389 1852 496 1938 inquit
528 1851 661 1936 ‘poenas
693 1852 733 1918 ab
765 1852 897 1918 homine
933 1850 1109 1918 iraoundo'

83 1942 173 2007 velut
193 1946 325 2028 stupens
344 1946 472 2030 gestum
491 1943 585 2008 illum
603 1941 757 2008 saevituri
774 1942 952 2008 deformem
970 1941 1109 2028 sapienti
1128 1958 1145 2007 a

39 2052 65 2092 ao
83 2032 153 2096 viro
184 2033 345 2118 servabat,
378 2032 499 2098 oblitus
531 2031 596 2096 iam
630 2032 727 2117 servi,
765 2031 842 2118 quia
873 2031 973 2097 alium
1011 2053 1107 2116 quem

82 2121 192 2206 potius
211 2123 384 2209 castigaret
401 2122 575 2187 invenerat.
603 2122 712 2207 itaque
736 2121 871 2188 abstulit
894 2121 956 2187 sibi
978 2121 1013 2186 in
1032 2143 1108 2187 suos

82 2214 275 2294 potestatem
304 2216 336 2287 et
360 2212 402 2278 ob
425 2213 593 2296 peecatum
618 2211 781 2297 quoddam
804 2211 1011 2277 oommotior:
1033 2209 1109 2294 '‘tu,'

82 2300 189 2385 inquit
212 2299 419 2388 ‘Speusippe,
441 2301 605 2368 servulum
628 2301 728 2370 istum
746 2301 932 2367 verberibus
953 2300 1108 2386 obiurga3

81 2403 157 2455 nam
187 2413 248 2477 ego
276 2390 418 2457 irascor?
463 2391 505 2457 ob
527 2390 592 2457 hoe
617 2411 686 2456 non
708 2391 838 2475 oeoidit,
859 2393 994 2476 propter
1020 2389 1144 2475 quodi

38 2501 64 2542 rs
82 2480 164 2546 alius
198 2481 373 2547 oeoidisset.
428 2479 572 2547 ‘irascor'
598 2480 719 2565 inquit3
751 2479 836 2564 ‘plus
863 2480 981 2545 faeiam
1010 2501 1107 2564 quam

83 2572 226 2654 oportet,
251 2571 406 2637 libentius
433 2570 564 2636 faoiam:
591 2590 658 2635 non
687 2569 817 2636 sitista
847 2590 958 2636 servus
980 2568 1015 2633 in
1037 2568 1107 2634 eius

81 2662 242 2744 potestate
265 2660 323 2746 qui
344 2660 380 2726 in
403 2682 462 2727 sua
483 2680 550 2725 non
573 2658 643 2726 est'
680 2659 797 2743 aliquis
820 2658 892 2724 vult
913 2657 997 2722 irato
1021 2679 1108 2724 oom-

83 2748 170 2814 mitti
191 2749 364 2835 ultionem,
386 2771 461 2817 oum
483 2747 578 2814 Plato
602 2748 664 2814 sibi
687 2749 757 2834 ipse
779 2746 951 2833 imperium
974 2747 1109 2834 abroga-

81 2838 189 2904 verit?
233 2839 318 2905 nihil
340 2840 401 2905 tibi
422 2839 533 2921 lioeat,
562 2836 640 2903 dum
664 2837 819 2904 irasoeris.
865 2835 986 2921 quare?
1031 2836 1109 2921 quia

36 2948 65 2989 ao
81 2927 131 2994 vis
155 2929 265 2996 omnia
285 2929 392 2996 lioere.

171 3191 188 3246 l
207 3192 279 3248 utile
297 3199 347 3248 aot
364 3208 422 3247 nou
438 3191 546 3247 humile
565 3190 701 3262 Mollem
722 3193 772 3248 hoo
790 3191 913 3260 praetuli
933 3190 976 3246 oet
993 3197 1109 3260 propter

81 3263 315 3322 adalmslats'oaem
338 3263 446 3319 humile
466 3264 495 3320 A
519 3263 530 3336 ll
555 3263 571 3318 l
589 3263 619 3318 te
641 3279 663 3319 a.
676 3280 702 3319 v.
723 3263 872 3320 eddiderat
892 3268 925 3317 ut
946 3261 1002 3318 vid.
1020 3264 1108 3330 A¹·²,

81 3337 173 3392 varai
185 3336 354 3393 inseruitA⁶
366 3336 377 3411 ll
389 3335 408 3392 e
421 3334 513 3408 egerit
526 3335 563 3406 A,
575 3334 625 3392 sed
637 3336 754 3392 alterum
768 3349 784 3390 a
797 3351 818 3391 a.
828 3351 853 3390 v.
868 3333 933 3390 add.
947 3334 1012 3403 fort.
1022 3337 1086 3390 Μ
1097 3333 1109 3407 ΙΙ

82 3406 120 3463 14
137 3425 189 3464 sua
206 3408 303 3482 maluu
316 3409 346 3464 A
362 3412 421 3481 (ma
438 3409 471 3464 irs
488 3409 543 3477 fine
560 3424 628 3465 vera.
642 3407 708 3464 aad.
722 3410 800 3475 Μ)
822 3407 834 3479 ll
857 3405 894 3462 lt
915 3405 1022 3462 interro
1061 3406 1107 3461 tus

82 3480 111 3536 A
128 3482 225 3551 (gatus
241 3481 275 3536 tn
292 3497 347 3536 raa.
357 3481 448 3550 paulo
464 3480 569 3536 maiore
586 3481 665 3550 me)
682 3478 694 3552 ll
711 3477 748 3534 28
765 3493 849 3549 speus
868 3477 930 3547 ipse
942 3484 977 3533 at
1011 3478 1018 3492 '
1044 3477 1120 3536 ,AR

81 3568 152 3609 corr.
166 3570 201 3608 m.
216 3556 234 3607 5
251 3553 262 3624 Η
280 3551 316 3630 ᾋ
334 3550 439 3607 eeeidit
452 3551 504 3621 A1,
522 3551 571 3609 sed
587 3552 604 3608 t
619 3556 720 3625 posteo
737 3567 824 3608 erosa
841 3555 883 3603 est
