2438 3846
197 165 247 219 AD
267 163 441 220 MAROIAM
458 163 507 218 DE
527 162 807 218 CONSOLATIONE
828 162 904 218 CAP.
920 169 955 217 24
1025 166 1091 231 189

61 311 169 378 nentis
200 309 290 375 exitii
313 310 414 376 nimia
436 309 607 375 maturitas
630 313 692 392 est3
720 310 842 395 adpetit
865 310 939 374 finis
963 309 1020 374 ubi
1043 309 1090 374 in·

61 404 227 468 crementa
247 404 441 485 consumpta
464 399 549 465 sdnt.

152 487 271 555 XXIV.
307 488 419 575 Incipe
447 488 622 554 virtutibus
649 488 758 573 illum,
786 511 854 554 non
876 488 970 553 annis
998 487 1124 554 nesti-1

61 601 164 645 maro:
193 580 271 644 satis
300 578 356 643 diu
383 578 473 644 vixit.
524 578 668 663 pupillus
696 577 827 643 relictus
855 578 915 643 sub
943 581 1090 642 tutorum
1117 607 1119 610 ·

29 691 140 735 scura
175 691 278 753 usque
311 668 352 733 ad
384 671 536 753 quartum
568 667 730 733 decimum
762 689 882 732 annum
914 667 993 751 fuit,
1030 667 1089 731 sub

61 757 174 823 matris
194 759 298 824 tutela
316 778 451 843 semper.
488 779 563 825 cum
581 757 713 823 haberet
732 778 808 823 suos
827 761 972 842 penates,
995 757 1091 822 relin-

62 869 160 931 quere
183 851 258 913 tuos
280 848 387 913 noluit
410 848 500 913 etin
522 851 668 911 materno
692 847 919 929 contubernio,
942 868 1017 912 cum
1035 847 1091 910 vix

61 940 232 1020 paternum
251 937 344 1002 liberi
359 937 480 1020 ferant,
499 936 723 1022 perseveravit.
755 936 943 1002 adulescens
958 939 1091 1018 statura,

60 1026 316 1110 pulchitudine,
338 1031 426 1092 certo
450 1026 595 1110 eorporis
618 1027 733 1091 robore
757 1025 870 1092 castris
894 1029 989 1090 natus
1007 1025 1091 1090 mili·

14 1137 44 1179 ιο
60 1115 141 1182 tiam
168 1116 342 1198 recusavit,
368 1138 409 1181 ne
437 1139 456 1181 a
478 1120 511 1181 te
534 1115 719 1182 discederet.
765 1119 933 1200 computa,
960 1113 1124 1198 Marciae

61 1227 161 1290 quam
190 1226 263 1271 raro
294 1204 413 1271 liberos
445 1205 576 1272 videant
604 1228 686 1290 quae
716 1205 751 1270 in
778 1204 912 1269 diversis
940 1204 1090 1270 domibus

60 1294 223 1377 habitaut3
245 1295 356 1382 cogita
376 1298 427 1360 tot
449 1295 524 1360 illos
547 1296 652 1379 perire
675 1316 777 1360 annos
801 1295 958 1358 matribus
982 1292 1091 1378 et'per

61 1382 312 1449 sollicitudinem
340 1383 441 1471 exigi,
471 1383 589 1469 quibus
616 1384 701 1449 filios
728 1385 764 1449 in
791 1383 934 1449 exercitu
957 1382 1091 1449 habent:

61 1472 143 1539 scies
172 1474 311 1539 multum
339 1474 481 1557 patuisse
504 1473 568 1539 hoc
590 1477 734 1557 tempus,
761 1496 801 1538 ex
825 1496 889 1557 quo
912 1474 961 1538 nil
983 1472 1091 1557 perdi-

13 1584 42 1626 ra
61 1561 146 1628 disti.
178 1584 357 1648 numquam
371 1563 443 1648 <e>
458 1567 634 1648 conspectu
657 1567 715 1628 tuo
734 1565 879 1647 recessit,
900 1563 962 1628 sub
987 1562 1090 1628 oculis

60 1651 126 1717 tuis
164 1651 270 1717 studia
305 1652 459 1718 formavit
496 1653 681 1719 excellentis
713 1653 824 1739 ingeni
856 1658 889 1719 et
921 1652 1091 1737 aequaturi

60 1762 174 1825 avum,
194 1742 259 1807 nisi
282 1743 460 1808 obstitisset
482 1741 689 1825 verecundia,
712 1765 794 1826 quae
817 1742 995 1807 multorum
1016 1764 1090 1827 pro·

60 1830 166 1896 fectus
198 1831 327 1897 silentio
357 1831 483 1915 pressit.
536 1832 723 1897 adulescens
753 1831 936 1897 rarissimae
965 1831 1125 1898 formasa

60 1919 97 1984 in
123 1923 190 1985 tam
221 1943 340 2007 magna
366 1921 559 1986 feminarum
583 1923 678 1986 turba
700 1923 788 1987 siros
812 1921 1088 2006 corrumpentium

14 2031 43 2074 so
59 2009 182 2075 nullius
210 2032 244 2075 se
268 2011 337 2095 spei
359 2011 521 2096 praebuit,
544 2015 576 2078 et
599 2034 674 2077 cum
698 2012 899 2096 quarundam
922 2032 1026 2096 usque
1049 2011 1089 2076 ad

59 2098 286 2182 temptandum
310 2101 507 2185 pervenisset
529 2101 722 2185 inprobitas,
750 2101 879 2166 erubuit
902 2101 996 2184 quasi
1017 2122 1090 2184 pec·

61 2192 180 2271 cassat,
207 2190 294 2273 quod
321 2189 494 2274 placuerat.
540 2189 602 2256 hac
629 2191 800 2256 sanctitate
823 2207 951 2256 morum
975 2189 1090 2272 effecit,
1145 2258 1151 2271 ,

60 2280 99 2343 nt
118 2298 199 2362 puer
216 2277 390 2343 admodum
410 2278 528 2365 dignus
547 2280 727 2345 sacerdotio
746 2280 922 2364 videretur,
944 2283 1090 2344 materna

61 2367 131 2432 sino
155 2366 252 2433 dubio
277 2368 520 2456 suffragatione,
543 2370 657 2436 sedne
677 2373 780 2435 mater
798 2368 928 2454 quidem
946 2369 1010 2434 nisi
1029 2391 1088 2453 pro

15 2479 43 2521 aa
60 2457 148 2522 bono
176 2456 346 2522 candidato
375 2459 537 2524 valuisset.
582 2459 698 2524 harum
727 2459 1000 2543 contemplatione
1027 2459 1124 2524 vir-4

59 2549 169 2612 tutum
198 2547 303 2611 filium
334 2569 408 2634 gere
439 2549 532 2633 quasi
562 2549 648 2615 sinul
697 2571 785 2615 nunc
814 2549 869 2613 ille
896 2548 957 2613 tibi
984 2548 1088 2634 magis

59 2639 171 2717 vacat,
192 2658 279 2702 nunc
301 2637 385 2702 nihil
407 2637 521 2722 habet,
544 2661 609 2722 quo
633 2643 800 2722 avocetur3
826 2660 1005 2722 numquam
1028 2638 1089 2702 tibi

60 2724 286 2809 sollicitudini,
315 2748 494 2810 numquam
522 2728 660 2794 maerori
688 2727 756 2792 erit.
804 2728 891 2812 quod
919 2750 1021 2792 unum
1049 2749 1090 2792 ex

151 2900 167 2955 1
192 2904 247 2968 eat;
272 2901 384 2971 adpetit
404 2905 502 2959 Haase
528 2906 562 2959 et
580 2903 692 2973 adpetit
713 2905 741 2959 A
766 2904 777 2976 11
803 2903 820 2957 2
842 2919 897 2972 pro
920 2905 1089 2973 consumpta

61 2970 145 3028 Gertz
163 2974 244 3028 malit
267 2977 463 3029 consummata
487 2975 498 3048 11
524 2976 538 3031 7
560 2977 651 3030 mater
674 2992 731 3030 non
749 2975 792 3031 A¹
812 2991 881 3032 corr.
902 2976 935 3029 a'a
959 2976 1088 3029 materno

58 3059 95 3099 m.
109 3047 187 3098 1—2
232 3044 250 3100 8
264 3043 359 3100 ferunt
372 3053 449 3115 optat
461 3047 523 3103 Jot.
536 3048 642 3103 Matller
654 3046 664 3120 11
677 3047 695 3101 9
710 3049 786 3102 certo
800 3047 938 3102 Schultess
952 3049 1045 3100 cetero
1060 3048 1088 3101 A

58 3129 125 3170 raro
139 3115 234 3186 Pauy
253 3118 346 3171 cetero
366 3132 388 3172 e.
406 3117 513 3173 honore
533 3118 615 3174 Gertz
638 3118 651 3192 11
674 3118 710 3174 12
732 3120 777 3174 tot
793 3119 826 3173 ia
842 3134 899 3173 ras.
918 3118 961 3172 Al
983 3116 994 3190 11
1018 3117 1053 3173 15
1073 3134 1088 3172 e

59 3189 215 3312 conspectu
227 3189 259 3243 F
278 3190 432 3258 conspectu
445 3191 474 3245 A
498 3205 515 3244 a
534 3206 635 3259 consp-
657 3189 760 3318 ’101111
785 3190 819 3245 ll
838 3188 992 3243 multorum
1008 3190 1037 3244 A
1055 3189 1089 3244 dc

147 3259 258 3315 abitum
266 3260 439 3316 sadanma
448 3268 474 3317 ct
484 3261 567 3318 Gertz
580 3262 727 3317 initiorum
757 3260 890 3328 clareas-,2
899 3277 959 3316 ooo
967 3260 1065 3316 accedo
1078 3261 1089 3333 11

114 3329 190 3384 hanc
203 3333 231 3388 A
249 3331 259 3404 11
277 3331 313 3386 24
331 3335 423 3387 mater
436 3333 464 3389 A
482 3337 612 3388 materna
630 3335 732 3390 mavolt
750 3336 783 3389 P.
801 3334 919 3389 stamas
937 3332 947 3405 11
966 3332 1003 3388 26
1021 3348 1087 3404 gere

58 3401 144 3470 quasi
168 3402 200 3457 in
223 3403 295 3458 sinn
331 3403 414 3460 Nunc
435 3407 568 3477 Mcdcip,
590 3406 689 3462 sedin
707 3407 797 3462 abesa
816 3421 896 3475 posse
914 3405 986 3460 vidit
1005 3404 1088 3461 Gertz

58 3473 123 3559 geri
140 3489 231 3558 ‘quam
254 3475 280 3530 si
302 3493 378 3530 nunc
395 3478 424 3532 A
447 3479 514 3549 gere
533 3479 615 3547 quasi
633 3478 739 3533 viveret
761 3477 838 3533 Ellis
860 3475 934 3549 1111
957 3478 1104 3528 succensu

59 3544 219 3603 Pincianae
235 3549 354 3603 uocetur
367 3548 432 3605 AF
