2438 3846
94 143 137 208 32
296 134 915 192 n.miurmsnuuonno1sn.n1n.n.

60 301 73 349 1
183 281 238 348 IX.
263 280 380 349 Omnia
411 283 520 367 itaque
548 281 595 348 sio
621 281 746 367 patitur
771 285 809 347 ut
835 280 951 346 hiemis
978 278 1122 368 rigorem

94 377 127 438 et
153 372 433 457 intemperantium
460 371 553 456 oaeli,
579 375 617 437 ut
639 370 781 443 fervores
803 371 999 455 morbosque
1021 375 1056 436 et
1074 393 1122 441 ee

93 467 163 527 tera
180 462 264 527 forte
282 461 471 545 aooidentia,
488 483 549 527 neo
567 461 606 526 de
623 481 785 546 quoquam
804 464 877 526 tam-
890 460 972 526 bene
988 458 1122 545 iudieut,

93 551 247 616 utillum
271 551 444 635 quiequam
466 553 559 634 putet
581 549 717 616 oonsilio
739 549 868 635 fecisse,
890 548 977 633 quod
1000 547 1037 614 in
1054 572 1121 617 uno

95 639 238 724 sapiente
254 643 311 705 est.
344 640 482 706 aliorum
501 639 646 705 omnium
664 661 732 704 non
750 639 899 723 consiliu,
916 638 973 704 sed
990 637 1122 706 fraudes
1151 659 1161 701 s

95 732 127 793 et
158 728 292 794 insidiae
319 733 352 794 et
383 733 491 795 motus
514 729 696 794 animorum
729 726 887 794 inconditi
917 730 1008 812 eunt,
1037 749 1121 813 quoe

95 817 221 883 oaeibus
254 819 456 903 adnumerut3
489 840 584 882 omne
597 821 714 883 ¹antem
738 816 910 882 fortuitum
942 816 1028 881 oiroa
1059 837 1121 882 noe

95 907 196 971 saevit
219 910 251 972 et
273 907 308 972 in
324 907 410 971 vilia.

58 1030 75 1077 a
182 1012 270 1079 Illud
297 1035 425 1099 quoque
457 1013 579 1100 cogita,
610 1012 801 1078 iniuriarum
827 1011 983 1079 latissime
1009 1017 1122 1098 putere

95 1103 261 1168 materiam
284 1105 320 1168 in
342 1103 407 1167 illis
434 1103 502 1189 per¹
515 1124 596 1187 quae
619 1102 798 1187 perieulum
820 1101 914 1172 nobis
938 1100 1123 1188 quaesitum
1140 1124 1161 1164 ro

95 1196 157 1271 eet,
180 1196 217 1257 ut
239 1196 424 1258 aoonsatore
447 1192 607 1258 submisso
630 1195 687 1258 sut
714 1191 937 1257 criminatione
959 1191 1042 1256 fulea
1065 1195 1124 1257 aut

95 1281 228 1346 irritatis
258 1281 292 1345 in
321 1302 380 1346 noo
409 1281 629 1367 potentiorum
657 1280 739 1346 odiis
769 1301 915 1366 quaeque
947 1279 1010 1346 alia
1036 1279 1123 1346 inter

95 1374 224 1456 togatos
246 1370 417 1435 latrocinia
438 1374 522 1436 eunt.
560 1374 609 1435 est
631 1374 664 1435 et
686 1370 743 1434 illa
765 1369 883 1435 iniuria
905 1369 1072 1454 frequens,
1094 1368 1123 1436 ei

94 1460 221 1525 luorum
242 1460 339 1524 alieni
357 1481 526 1525 exouesum
546 1464 595 1525 eet
613 1463 669 1523 sut
682 1458 862 1544 proemium
876 1457 933 1524 diu
946 1461 1123 1543 captatum,

96 1548 124 1613 ei
141 1569 260 1635 magno
278 1549 387 1615 labore
406 1548 565 1614 adfectata
582 1548 742 1613 heredites
765 1569 877 1613 averes
899 1551 948 1613 eet
970 1551 1003 1612 et
1025 1569 1122 1632 quee-
1139 1567 1160 1610 rs

96 1641 225 1702 stuoeue
247 1638 362 1704 domus
385 1638 490 1724 gratia
512 1643 629 1722 erepte.
670 1638 750 1703 haee
772 1636 886 1724 effugit
909 1637 1036 1722 sapione
1065 1636 1123 1723 qni

60 1726 198 1792 sneeoit
225 1748 285 1791 neo
306 1728 341 1791 in
364 1748 454 1812 spem
477 1749 537 1792 neo
559 1728 594 1791 in
616 1730 737 1792 metum
761 1727 875 1791 virere.
922 1725 1012 1792 udioe
1034 1748 1123 1792 nune

96 1814 183 1899 quod
206 1815 356 1880 iniuriam
378 1837 473 1881 nemo
492 1816 616 1880 inmota
639 1818 745 1880 mente
764 1815 894 1898 aooipit,
917 1815 972 1879 eed
992 1813 1032 1879 ad
1051 1826 1122 1879 een·

96 1925 167 1968 eum
198 1905 267 1969 eius
295 1906 514 1990 perturbatur,
544 1907 631 1970 earet
662 1908 770 1969 autem
802 1902 1043 1990 perturbatione
1070 1901 1122 1968 vir

96 1997 224 2077 ereptus
247 1994 422 2078 erroribus,
454 1995 638 2060 moderator
660 1994 724 2077 sni,
754 1993 837 2057 altae
861 1992 977 2077 quietis
1001 1996 1033 2057 et
1053 1992 1122 2077 pls·
1138 2013 1160 2054 ro

96 2082 193 2147 oidae.
238 2105 314 2147 nam
347 2083 374 2147 si
405 2082 511 2168 tangit
538 2083 631 2148 illum
658 2083 790 2166 minna,
821 2085 853 2147 et
876 2086 986 2146 movet
1008 2084 1041 2146 et
1062 2081 1123 2147 im·

95 2171 202 2256 pellit,
232 2176 319 2237 osret
346 2175 453 2237 autern
476 2173 525 2236 ira
547 2172 688 2255 sapiens,
715 2193 811 2256 qnam
840 2169 959 2236 excitat
985 2168 1122 2236 iniuriae

96 2261 232 2346 speeies,
254 2282 313 2326 neo
336 2261 429 2326 aliter
452 2264 573 2326 oareret
595 2261 644 2325 ira
660 2259 725 2325 nisi
738 2263 771 2324 et
788 2259 920 2344 iniuria,
943 2281 1040 2345 quam
1060 2260 1122 2325 soit

96 2350 158 2416 sibi
185 2372 251 2415 non
281 2371 375 2435 posse
406 2350 484 2415 fieri.
529 2348 604 2414 inde
631 2351 698 2414 tam
726 2353 850 2414 ereotus
871 2350 1040 2433 laetusque
1060 2352 1123 2433 oet,

96 2439 170 2505 inde
193 2440 347 2505 oontinno
370 2437 489 2526 gaudio
508 2439 626 2518 elatum
644 2438 723 2504 adeo
743 2442 850 2504 autem
868 2439 908 2504 ad
927 2436 1122 2503 offensiones
1139 2455 1161 2498 ss

96 2552 204 2594 rerum
222 2529 455 2613 hominumque
472 2550 540 2593 non
558 2527 774 2611 contrahitur,
791 2533 829 2592 ut
846 2528 918 2612 ipsu
934 2526 985 2591 illi
1002 2526 1123 2600 iniuria

97 2619 169 2683 usui
194 2618 248 2701 sit,
271 2641 330 2702 per
352 2639 449 2703 quam
473 2616 728 2702 experimentum
746 2616 797 2681 eui
816 2615 903 2701 oapit
920 2619 954 2680 et
966 2614 1122 2681 virtutem

61 2728 78 2775 4
97 2711 241 2790 temptat.
275 2709 452 2790 faveamus,
476 2708 608 2771 obeeoro
623 2727 696 2789 voe,
713 2704 790 2770 huio
808 2705 976 2790 proposito
996 2705 1122 2790 aequie-

188 2935 203 2989 l
222 2936 332 3005 hyemis
347 2937 375 2989 A
397 2935 409 3007 ΙΙ
434 2935 448 2989 1
469 2934 638 2987 adnumeret
655 2946 672 2987 ς
691 2933 879 2992 adnumerant
892 2935 920 2988 A
938 2932 1033 3006 118111
1051 2932 1122 2988 vilia

98 3009 218 3078 Modoip
235 3007 337 3061 invitia
351 3008 379 3060 A
398 3006 428 3059 in
445 3005 550 3059 vicinia
568 3005 620 3074 (vel
632 3003 663 3058 in
676 3004 780 3074 rioino)
794 3004 931 3061 Schultess
955 3002 1042 3057 inrito
1056 3005 1122 3074 (to)

98 3081 223 3135 Karsten
248 3078 379 3147 <eine>
400 3076 505 3131 iniuria
526 3076 667 3132 Rossbach
690 3075 701 3148 Η
724 3075 781 3131 to
798 3077 888 3132 verbis
909 3074 984 3129 Illud
1007 3090 1122 3145 quoque

99 3152 182 3207 Gertz
200 3167 260 3220 cop.
276 3150 326 3205 IX
341 3150 465 3205 instituit
487 3147 498 3220 ss
523 3146 559 3201 10
580 3147 611 3201 in
633 3147 698 3202 odd.
719 3147 841 3218 Madoip
865 3147 869 3219 1
896 3146 1123 3219 quesitum-Ali

98 3222 133 3277 12
152 3222 225 3278 odiis
245 3221 365 3291 Modoiq
381 3221 466 3274 motis
485 3221 513 3274 A
532 3219 560 3344 tp)
568 3218 603 3274 14
622 3218 708 3273 alieni
726 3220 795 3289 oolp.
816 3217 916 3285 alioui3
936 3224 974 3288 (-
987 3216 1122 3289 alienius)

98 3296 127 3350 A
150 3294 162 3368 {t
189 3293 224 3348 19
248 3293 293 3346 uir
319 3295 428 3347 erectus
454 3307 541 3346 erron
561 3308 594 3344 us
619 3290 782 3344 moderatur
804 3289 863 3343 onie
886 3291 915 3345 A
942 3306 1012 3346 sorr.
1038 3288 1123 3354 Gertr

97 3372 222 3421 monente
232 3365 379 3434 Modoipio
393 3366 517 3434 (ereptus
526 3376 544 3417 ς
552 3362 713 3417 moderator
727 3361 771 3415 eui
783 3378 834 3416 om.
844 3360 985 3416 erroribus
994 3361 1103 3432 Mores)
1112 3361 1129 3434 ΙΙ·

97 3436 133 3492 21
147 3435 271 3505 impellit
284 3435 402 3506 Bentley
415 3434 573 3504 impeditA
586 3433 596 3507 Η
613 3433 649 3488 23
663 3435 742 3489 earet
754 3433 796 3488 A¹
809 3436 952 3488 eorum
964 3428 1025 3503 1124
1036 3437 1123 3501 poree

83 3510 108 3556 ῆ
124 3506 194 3559 Aerr'
202 3507 235 3562 A
252 3522 322 3562 corr.
339 3507 407 3579 oolp.
426 3506 439 3580 Η
456 3505 492 3564 28
509 3505 664 3579 ptropoeito
679 3503 900 3575 A¹(?)p{posito
916 3502 958 3558 A¹
