2438 3846
222 146 272 200 AD
292 144 463 200 MARCIAM
481 146 530 200 DE
550 144 827 206 CONSULATIONE
847 143 924 201 cAP.
939 151 974 200 26
1045 148 1109 214 193

89 295 122 358 et
140 296 273 377 quotam
291 297 416 377 partem
434 291 566 356 luminis
584 291 687 356 nostri
706 291 880 357 cernentia!
913 290 991 375 quid
1005 290 1109 356 dicam
1128 309 1145 358 s

87 381 178 447 nulla
207 381 260 446 hic
287 403 377 446 arma
406 380 527 445 mutuis
550 380 655 445 furere
678 381 885 447 concursibus
909 402 969 446 nec
992 380 1109 446 classes

89 470 243 536 classibus
273 470 382 556 frangi
410 491 469 535 nec
498 468 670 554 parricidia
698 474 755 534 aut
782 469 862 556 fingi
890 473 946 535 aut
974 468 1110 556 cogitari

86 582 147 626 uec
173 560 245 625 fora
270 559 383 625 litibus
410 561 551 644 strepere
579 558 646 624 dies
673 561 859 644 perpetuos,
886 559 969 623 nibil
996 559 1032 624 in
1054 558 1110 624 ob·

56 668 197 732 ascum,
233 648 373 714 detectas
410 652 532 713 mentes
570 651 602 713 et
638 652 748 732 aperta
784 647 970 732 praecordia
1006 651 1039 713 et
1075 648 1110 713 in

86 739 217 823 publico
254 736 424 821 medioque
460 738 560 802 vitam
598 740 631 802 et
663 737 767 802 omnis
799 738 869 802 aevi
901 740 1109 821 prospectum

86 825 369 910 venientiumque?
405 826 536 910 iuvabat
553 827 648 891 unius
668 847 719 891 me
738 826 857 891 saeculi
874 825 961 891 facta
980 846 1109 909 compo·
1128 843 1144 891 s

85 938 162 982 nere
184 916 220 980 in
242 919 332 1001 parte
354 915 470 980 ultima
492 915 605 980 mundi
623 919 655 979 et
673 915 757 980 inter
774 911 986 999 paucissimos
1005 917 1109 1000 gesta:

86 1008 137 1070 tot
159 1006 300 1089 saecissa,
327 1008 378 1069 tot
401 1005 553 1069 aetatium
578 1007 777 1087 contextum,
801 1004 931 1087 seriem,
955 1002 1109 1088 quicquid

42 1114 68 1155 so
86 1115 244 1159 annorum
263 1097 325 1176 est,
346 1093 423 1158 licet
440 1094 556 1178 visere;
578 1093 654 1159 licet
673 1097 867 1176 surrectura,
889 1093 966 1158 licet
984 1093 1110 1157 ruitura

85 1205 186 1270 regna
207 1183 390 1268 prospicere
413 1186 446 1247 et
468 1204 658 1269 magnarum
682 1181 810 1246 urbium
831 1183 940 1266 lapsus
960 1186 993 1247 et
1011 1182 1109 1246 maris

84 1293 187 1337 novos
211 1293 331 1336 cursus.
369 1294 445 1337 nam
469 1272 497 1337 si
519 1272 580 1337 tibi
602 1275 711 1356 potest
733 1270 852 1336 solacio
876 1287 952 1338 esse
972 1271 1109 1337 desideri
1128 1286 1144 1335 s

85 1361 134 1426 tui
157 1382 328 1427 commune
350 1361 467 1444 fatum,
490 1360 573 1425 nihil
596 1381 659 1445 quo
684 1363 748 1424 stat
770 1360 843 1426 loco
865 1360 977 1445 stabit,
1000 1360 1109 1426 onmia

85 1454 207 1516 sternet
244 1449 444 1534 abducetque
479 1471 587 1516 secum
622 1452 772 1515 vetustas.
829 1472 889 1515 nec
922 1449 1108 1515 hominibus

37 1560 65 1601 rs
84 1541 190 1605 solum
214 1537 329 1626 (quota
350 1540 435 1604 enim
454 1539 517 1605 ista
533 1538 686 1605 fortuitae
704 1540 868 1623 potentiae
887 1540 994 1624 portio
1014 1536 1108 1626 estt),

84 1629 140 1694 sed
169 1628 264 1712 locis,
294 1628 349 1694 sed
379 1628 580 1715 regionibus,
612 1629 668 1693 sed
695 1627 809 1693 mundi
835 1629 980 1712 partibus
1008 1628 1106 1693 ludet.

83 1722 171 1784 totos
199 1717 379 1803 supprimet
401 1720 527 1783 montes
550 1722 582 1782 et
605 1717 683 1782 alibi
705 1739 800 1801 rupes
824 1718 859 1783 in
881 1719 983 1782 altum
1006 1738 1107 1782 novas

83 1807 254 1892 exprimet3
276 1807 378 1872 maria
396 1807 552 1890 sorbebit,
570 1807 704 1873 flumina
722 1811 845 1873 avertet
858 1811 896 1872 et
914 1806 1106 1872 commercio

83 1896 229 1983 gentium
258 1900 355 1982 rupto
389 1897 574 1962 societatem
601 1897 727 1983 generis
752 1895 885 1960 humaui
914 1898 1106 1979 coetumque

32 2006 64 2047 so
83 1985 252 2069 dissolvet3
279 1985 358 2050 alibi
384 1985 526 2050 hiatibus
549 1985 648 2050 vastis
672 1985 829 2051 subducet
850 1985 962 2069 urbes,
987 1988 1106 2049 tremo-

82 2074 173 2139 ribus
203 2074 326 2157 quatiet
357 2078 389 2138 et
419 2096 459 2139 ex
485 2074 597 2140 infimo
625 2074 826 2159 pestilentiae
853 2073 973 2139 halitus
997 2073 1105 2138 mittet

81 2166 116 2228 et
143 2162 407 2228 inundationibus
435 2163 588 2247 quicquid
615 2163 781 2228 habitatur
803 2162 942 2228 obducat
964 2162 1105 2228 necabit-

82 2273 145 2336 que
182 2273 277 2317 omne
313 2252 433 2317 animal
467 2253 543 2318 orbe
580 2252 746 2318 submerso
779 2256 811 2317 et
842 2251 972 2338 ignibus
1004 2252 1103 2316 vastis

80 2341 218 2407 torrebit
235 2341 447 2424 incendetque
462 2341 619 2406 mortalia.
652 2345 773 2407 etcum
788 2345 916 2426 tempus
931 2339 1105 2424 adrensrit,

172 2515 190 2572 8
217 2517 337 2588 cogitari
359 2518 388 2572 A
416 2516 521 2587 agitari
544 2516 626 2572 Gertz
654 2518 746 2587 (1889)
773 2516 784 2588 ΙΙ
810 2516 829 2570 d
855 2522 906 2572 cut
932 2533 993 2571 cum
1022 2515 1106 2572 Gertz

79 2588 136 2644 oid.
164 2589 337 2646 seribmdum
368 2604 424 2644 esse
457 2588 547 2642 omnis
575 2589 704 2657 <acti>
735 2588 797 2643 aevi
827 2595 878 2642 aut
903 2604 957 2657 pro
988 2588 1104 2642 uenien-

79 2658 209 2728 tiumque
246 2658 388 2731 tepentium
424 2676 487 2716 cum
519 2660 691 2717 emtam
726 2659 931 2727 scientiamque
968 2660 1104 2728 (eminen-

78 2730 208 2800 tiamque
239 2731 410 2802 Petecbeaip)
449 2731 459 2803 Η
497 2730 515 2787 8
543 2731 645 2785 ultima
672 2732 701 2786 A
731 2737 802 2786 recte
833 2737 866 2785 ut
896 2730 952 2785 vid.
985 2729 1104 2784 minima

80 2801 202 2873 Messe
233 2802 263 2857 in
294 2801 436 2872 particula
467 2799 518 2856 illa
549 2802 648 2857 mundi
680 2802 816 2859 Schultess
846 2801 857 2874 Η
890 2801 908 2855 b
941 2803 1103 2856 contextum

79 2872 182 2928 seriem
206 2875 235 2929 A
266 2880 316 2929 aut
343 2873 486 2930 &tendum
513 2891 569 2930 csse
595 2890 686 2931 vocem
718 2875 818 2929 seriem
850 2878 901 2928 aut
931 2873 1104 2928 scribendum

79 2947 241 3000 contextam
267 2944 368 3000 seriem
392 2952 481 3001 cemes
504 2946 624 3017 Muduiy
648 2962 761 3015 cumque
784 2945 871 3001 eoacti
892 2949 958 3000 emt
976 2945 1056 3000 Kocb
1078 2950 1105 3000 ct

81 3015 181 3083 Germ
204 3032 252 3088 epo
270 3033 290 3071 a
306 3032 348 3072 me
370 3017 516 3086 impetrare
537 3033 595 3073 uon
611 3033 740 3086 poscam,
760 3025 793 3073 ut
810 3015 906 3072 tollam
924 3015 1076 3086 munduca
1093 3015 1104 3088 Η

78 3085 116 3143 10
139 3086 256 3156 <hie>
281 3086 349 3142 licet
373 3086 462 3142 visere
488 3087 571 3144 Gertz
601 3092 744 3155 <uunc>
770 3089 815 3143 tot
840 3086 954 3142 saecula
985 3088 1017 3142 ιἰι
1041 3091 1104 3142 o.9

85 3157 284 3284 Wesenberppy
309 3156 345 3214 14
372 3175 465 3213 secum
493 3175 514 3215 s.
533 3175 557 3214 v.
579 3158 642 3215 add.
664 3158 728 3226 fort.
748 3156 791 3215 A¹
816 3159 820 3230 1
853 3158 888 3214 17
916 3158 992 3212 totos
1020 3156 1103 3214 Garis

78 3229 141 3286 toto
162 3229 205 3286 A¹
227 3246 255 3286 se
296 3231 386 3286 alteru
408 3246 424 3284 o
445 3236 543 3299 posteo
561 3246 641 3286 uaso
663 3231 707 3285 tot
727 3231 796 3302 vulp.
856 3245 908 3298 sup
929 3227 1014 3283 timet
1027 3229 1058 3284 F
1072 3234 1105 3285 ut

80 3300 150 3372 uota.
170 3301 323 3371 supprimit
336 3302 364 3359 A
384 3301 388 3372 ῐ
408 3301 438 3355 in
457 3300 546 3356 altum
565 3302 596 3357 F
615 3300 734 3372 insljum
753 3303 781 3356 A
799 3301 809 3373 t
831 3300 867 3356 2⁰
886 3317 919 3354 su
939 3300 1045 3355 ducent
1062 3298 1105 3354 A²

81 3387 152 3446 corr.
173 3375 247 3429 Μ
273 3371 284 3444 Η
309 3370 344 3426 21
370 3371 481 3440 quatiet
508 3373 536 3426 et
563 3387 598 3426 ex
618 3373 650 3428 F
673 3373 768 3442 quatit
795 3373 824 3427 et
849 3388 883 3427 ex
904 3371 946 3426 A⁶
974 3373 998 3442 (t
1023 3372 1051 3425 st
1074 3372 1105 3425 in

80 3443 190 3570 rosbbq
211 3440 313 3570 ΑιΙὶὴιιε
340 3441 430 3499 mittit
451 3443 480 3498 A
512 3458 581 3500 corr.
608 3443 677 3514 coia.
706 3459 739 3500 es
767 3455 785 3497 s·
819 3442 830 3515 ss
867 3440 904 3498 24
931 3439 1051 3498 torrebit
1078 3441 1109 3496 F

81 3530 177 3570 orrer

138 3620 256 3668 aarum
267 3623 381 3670 orum.
391 3624 411 3667 1.
421 3623 456 3669 ed
467 3624 602 3672 Hermes
884 3621 945 3678 iu,
