2438 3846
109 204 175 272 316
307 168 940 262 L.ANNAEISENEQAED1AL.LLB.X1.

73 365 90 414 e
107 345 260 413 lacrimae
278 343 373 409 nobis
393 343 529 408 deerunt
546 345 621 407 ante
640 363 738 427 quam
757 363 873 408 causae
891 341 1032 411 dolendi.
1073 364 1141 410 non

109 435 213 518 vides,
243 433 372 518 qualem
402 432 498 497 nobis
527 432 630 496 vitam
659 452 768 496 rerum
797 434 915 496 natura
943 431 1142 517 promiserit,
1218 463 1219 473 ¹

109 544 191 608 quae
212 523 356 606 primum
377 520 580 586 nascentium
604 520 774 585 hominum
792 519 906 585 fletum
925 541 994 586 esse
1013 521 1142 587 voluit?

109 611 172 679 hoc
190 611 352 697 principio
372 610 510 692 edimur,
533 609 612 675 huic
630 609 736 674 omnis
756 609 961 694 sequentium
980 631 1142 676 annorum

110 701 189 767 ordo
217 699 387 766 consentit.
435 699 481 764 sic
508 698 610 763 vitam
638 698 779 784 agimus,
810 696 948 782 ideoque
975 699 1141 766 moderate
1170 723 1181 765 s

109 789 144 856 id
171 789 243 855 fieri
271 788 367 854 debet
395 810 414 851 a
440 787 549 870 nobis,
578 787 666 871 qued
690 807 785 871 saepe
808 786 994 852 faciendum
1017 792 1082 873 est,
1108 791 1142 853 et

108 878 332 962 respicientes,
352 880 510 960 quantum
528 898 548 940 a
565 879 658 962 tergo
677 897 786 949 rerum
805 876 949 941 tristium
964 877 1141 961 immineat,

110 967 138 1033 si
173 988 241 1032 non
272 967 366 1031 finire
397 966 561 1048 lacrimas,
599 969 632 1029 at
664 968 750 1031 certe
782 986 945 1030 reservare
977 965 1140 1031 debemus.

109 1055 193 1121 nulli
219 1054 417 1140 parcendum
446 1059 495 1120 est
517 1055 565 1119 rei
588 1055 693 1140 magis
718 1074 815 1136 quam
837 1053 929 1136 huic,
957 1055 1049 1121 cuius
1073 1059 1141 1120 tem

109 1144 261 1229 frequens
284 1164 363 1209 usus
387 1146 444 1208 est.
1158 1166 1182 1207 a

75 1269 90 1318 1
199 1248 240 1316 V.
277 1248 363 1314 Illud
393 1269 524 1333 quoque
551 1252 584 1312 te
611 1270 678 1314 non
705 1248 878 1313 minimum
907 1248 1083 1333 adiuverit,
1114 1248 1143 1314 si

110 1339 304 1425 cogitaveris
340 1339 424 1403 nulli
460 1338 568 1403 minus
605 1341 735 1423 gratum
768 1358 838 1403 esse
871 1337 1016 1403 dolorem
1048 1341 1143 1403 tuum

110 1427 352 1582 lllmall’nll
370 1425 686 1580 titillavit&
703 1426 1143 1581 lllllllzttllll

112 1609 174 1688 est,
207 1584 295 1690 quod
328 1605 371 1689 ei,
404 1605 457 1669 cui
488 1537 687 1688 {raeetatun
719 1536 859 1669 siqnihil
887 1605 999 1687 sentit,
1033 1626 1143 1689 super·
1159 1626 1182 1669 n

75 1714 250 1762 avecuum
279 1697 342 1778 est,
370 1693 397 1759 si
426 1695 539 1777 sentit,
566 1693 731 1780 ingratum
760 1697 817 1758 est.
864 1692 948 1778 [24]
978 1694 1143 1758 neminem

111 1804 180 1849 esse
208 1786 280 1848 toto
309 1782 387 1848 orbe
414 1785 586 1865 terrarum,
616 1783 673 1865 qui
701 1782 879 1851 delectetur
900 1782 1044 1847 lacrimis
1067 1783 1143 1867 tuis,

111 1872 263 1974 audacter
286 1871 432 1974 dixerim.
465 1872 543 1955 quid
567 1872 668 1958 ergo?
701 1893 798 1973 quem
820 1893 917 1974 neme
937 1871 1090 1974 adversus
1109 1875 1143 1938 te

109 1964 466 2132 tidimiddldleugtetttti,edit1
477 1965 613 2114 teessdetit
622 1960 853 2115 cdtdtscdrrttrdt
863 1964 1144 2134 tdldtultrtatirdiiiltdd
1161 2073 1186 2114 aa

110 2139 189 2223 tuis,
213 2139 247 2204 id
270 2143 320 2205 est
343 2162 362 2203 a
385 2137 493 2204 studio
517 2141 550 2203 et
569 2161 588 2202 a
607 2136 764 2204 Caesare?
800 2160 868 2203 non
887 2142 936 2204 est
953 2138 1018 2204 hoc
1036 2139 1144 2204 simile

110 2229 187 2293 veri.
224 2228 280 2293 ille
305 2229 391 2293 enim
414 2227 652 2314 indulgentiam
675 2229 736 2293 tibi
761 2232 917 2311 tanquam
940 2226 1035 2292 fratri
1053 2250 1144 2313 pree-

111 2317 208 2399 stitit,
229 2317 470 2382 venerationem
493 2319 650 2401 tanquam
674 2317 813 2401 parenti,
838 2318 963 2382 cultum
986 2319 1145 2401 tanquam

110 2406 284 2491 superiori3
303 2407 358 2471 ille
378 2405 536 2471 desiderio
551 2407 614 2483 tibi
629 2427 699 2472 esse
713 2406 798 2489 vult,
815 2409 977 2470 tormento
993 2426 1146 2472 essenon

111 2496 191 2560 vult.
238 2494 317 2578 quid
345 2495 456 2579 itaque
484 2495 574 2560 iuvat
602 2496 710 2560 dolori
733 2494 946 2578 intabescere,
975 2515 1087 2579 quem,
1101 2532 1104 2540 ·
1117 2495 1146 2560 si
1164 2515 1189 2557 ss

76 2584 185 2668 equis
209 2583 371 2649 defunctis
395 2606 507 2649 sensus
531 2589 593 2668 est,
617 2585 705 2648 finiri
729 2584 828 2648 frater
851 2588 926 2648 tuus
946 2583 1058 2667 cupit?
1106 2584 1146 2648 de

111 2672 175 2737 alic
199 2673 311 2756 fratrc,
335 2674 427 2738 cuius
451 2673 573 2738 incerta
595 2677 707 2757 posset
724 2674 876 2738 voluntas
894 2672 1009 2756 videri,
1034 2673 1147 2737 omnia

111 2760 190 2827 haec
219 2762 253 2825 in
281 2760 380 2827 dubio
408 2784 563 2847 ponerem
591 2766 624 2826 et
651 2761 803 2828 dicerem:
833 2761 915 2826 ‘sive
943 2765 976 2824 te
998 2761 1147 2844 torqueri

111 2848 253 2915 lacrimis
281 2871 460 2933 numquam
488 2850 711 2916 desinentibus
738 2850 838 2915 frater
864 2854 941 2915 tuus
966 2849 1070 2934 cupit,
1098 2849 1147 2914 in·

112 2937 229 3024 dignus
262 2937 326 3004 hoe
358 2939 476 3004 affectu
508 2943 566 3004 tuo
599 2942 662 3023 est3
699 2939 767 3004 sive
798 2960 866 3004 non
897 2939 983 3022 vult,
1013 2937 1147 3022 utrique
1165 2958 1191 3000 ac

202 3129 386 3185 thominum
409 3130 431 3185 0
454 3146 538 3185 omen
557 3131 655 3185 Muret
678 3130 688 3203 t
713 3130 750 3184 16
768 3132 852 3199 prius
871 3133 915 3185 est
932 3130 1001 3200 coly.
1021 3145 1073 3184 om.
1092 3130 1146 3196 cfr.

111 3218 134 3256 e.
155 3205 213 3268 4,1
240 3200 258 3326 lq
277 3200 313 3255 19
339 3201 468 3254 cruciatu
492 3201 537 3256 tui
562 3216 665 3256 nocere
689 3203 770 3257 malit
795 3201 890 3269 Gertz,
915 3201 964 3256 ced
988 3200 1050 3255 aide
1075 3215 1148 3268 quac

111 3273 174 3328 Jot.
191 3274 247 3327 Mat
258 3272 298 3326 lcr
316 3274 348 3326 iu
365 3279 417 3326 unt.
433 3273 522 3327 Acad.
540 3273 656 3328 Vindeb.
676 3273 794 3328 CXXX
800 3274 844 3328 VI
858 3278 941 3342 1117
964 3272 1119 3340 disputavit
1138 3271 1149 3344 Η

111 3342 149 3398 20
166 3344 200 3397 ut
218 3344 247 3398 te
266 3341 338 3398 uelit
352 3343 380 3397 B
399 3361 433 3398 m.
448 3346 468 3398 2
486 3344 522 3399 H
540 3347 609 3398 uate
631 3342 704 3398 uelit
722 3344 751 3398 Β
769 3361 805 3398 m.
824 3350 840 3398 1
864 3344 912 3400 aed
930 3359 948 3398 e
967 3349 1064 3412 postea
1081 3358 1148 3412 pcr-

111 3415 236 3481 foratum
254 3421 302 3470 est
313 3417 341 3471 et
381 3415 474 3470 riuate
492 3414 566 3471 nolit
580 3416 611 3471 D
630 3418 660 3470 et
673 3415 787 3485 priuate
800 3415 873 3471 uelit
887 3415 944 3542 EA!
961 3413 998 3469 26
1017 3413 1148 3469 defuncti

107 3487 136 3538 θ
150 3503 219 3540 corr.
237 3432 379 3616 Mur-et}
398 3486 435 3544 28
458 3488 488 3542 in
512 3487 600 3542 dubio
623 3488 705 3544 Gertz
729 3504 787 3543 non
811 3485 897 3543 dubie
965 3486 1051 3541 dubie
1074 3486 1147 3556 0019.

89 3556 192 3608 omnia
210 3558 270 3612 liae
290 3576 344 3616 con
368 3560 466 3619 icione
485 3579 641 3636 ponerem,
657 3562 692 3617 ut
711 3558 837 3615 dlcerem
851 3559 984 3617 Schultess
