2438 3846
280 160 330 215 AD
351 159 527 216 SERENVM
545 160 595 215 DE
614 159 700 215 OTIO
720 159 797 215 CAP.
816 165 872 215 17
1023 162 1088 229 239

61 310 201 373 nonest
224 329 328 391 mora,
357 309 474 373 sinon
496 311 586 372 66161
609 307 710 391 deest,
739 307 795 372 sed
818 306 943 393 agenda
965 305 1089 390 desunt,

62 397 178 480 ecquid
201 397 250 462 illi
273 418 382 462 seeum
401 418 470 462 esse
488 395 678 481 permittes?
714 418 779 480 quo
798 398 906 461 661166
926 396 967 460 611
986 397 1089 462 otium
1107 413 1125 460 4

62 488 190 571 sepiens
219 486 359 552 secedit?
404 490 441 551 ut
464 487 545 551 66161
568 508 601 552 66
624 489 695 551 1616
720 507 848 570 666666
872 508 910 551 66
933 489 1089 570 66161616,

61 595 120 660 661
143 597 225 660 quae
247 577 386 660 posteris
409 577 521 660 prosit.
557 597 617 642 nos
641 579 726 641 certe
746 598 856 641 666166
876 575 933 659 661
951 574 1088 641 dicimus

29 669 94 730 set
123 663 285 731 Zenonem
318 670 351 731 et
381 662 599 750 Chrysippum
629 665 752 730 1661616
782 665 899 751 egisse,
933 686 1030 749 66661
1061 665 1089 730 61

62 755 228 820 duxissent
251 755 424 839 exereitus,
446 755 622 841 gessissent
640 754 793 838 honores,
816 757 904 840 leges
923 754 1088 820 tulissent:

61 866 141 929 quas
164 867 232 910 non
251 845 309 909 uni
327 845 465 928 civitati,
488 844 544 909 sed
562 844 624 909 toti
643 844 786 910 humano
805 843 916 930 generi
934 845 1087 909 tulerunt.

61 933 140 1018 quid
170 937 220 1000 661
251 956 343 1020 ergo,
373 955 471 1018 66616
500 935 565 998 1616
594 933 696 998 611661
724 956 791 1000 666
818 933 989 999 conveniat
1016 935 1087 999 viro

59 1023 162 1107 bonu,
184 1046 242 1108 per
265 1024 352 1108 qnod
370 1023 481 1088 futura
499 1024 627 1089 6666616
646 1024 772 1089 ordinet
790 1045 850 1089 neo
869 1026 949 1108 aput
966 1044 1088 1107 666666

14 1132 42 1172 16
60 1114 277 1196 66611666161,
301 1113 357 1178 sed
380 1118 460 1198 aput
479 1112 583 1178 omnis
603 1113 748 1178 omnium
767 1114 913 1199 gentium
931 1113 1094 1196 homines„

60 1202 180 1287 quique
208 1208 285 1268 sunt
313 1204 434 1287 quique
462 1201 577 1268 erunt?
605 1203 668 1266 ed
696 1224 855 1268 summam
884 1223 1017 1286 quaero,
1046 1216 1124 1267 666

60 1315 100 1357 611
123 1293 302 1378 praeceptis
326 1294 392 1359 suis
416 1292 557 1358 vixerint
580 1289 750 1357 Cleanthes
774 1296 807 1357 et
830 1290 1031 1376 Chrysippus
1055 1295 1088 1357 et

58 1380 178 1447 Zenon
219 1404 283 1448 non
307 1382 402 1447 dubie
425 1381 635 1466 respondebis
658 1381 705 1447 sio
723 1382 798 1447 illos
822 1381 954 1464 vixisse,
978 1402 1087 1465 quem·

60 1470 234 1537 admodum
267 1472 413 1536 dixerant
398 1475 513 1537 16666
545 1470 733 1536 vivendum:
774 1471 865 1556 61661
892 1493 988 1536 66166
1017 1472 1088 1537 illo-

14 1579 132 1626 111661
164 1584 232 1626 rem
264 1561 428 1646 publicam
461 1560 706 1626 administravit.
761 1559 842 1626 non
870 1559 949 1625 fuit'
979 1560 1088 1646 inquis

60 1649 141 1716 illis
170 1654 226 1716 661
249 1674 287 1716 66
308 1651 519 1716 fortunat
463 1655 519 1715 aut
542 1673 580 1716 66
603 1651 758 1736 dignitus,
789 1665 870 1734 6666
894 1649 1023 1714 admitti
1047 1649 1087 1715 ad

59 1741 262 1842 6611166166
285 1763 393 1806 161661
416 1742 642 1806 tractationem
666 1738 769 1805 66161.
806 1739 862 1806 sed
879 1740 964 1804 idem
982 1739 1087 1805 nihilo

59 1828 165 1895 minus
194 1853 263 1895 666
293 1852 424 1916 segnem
456 1852 549 1916 egere
581 1831 696 1894 vitem:
733 1830 939 1913 invenerunt,
978 1851 1087 1913 quem·

58 1918 233 1985 admodum
251 1921 325 2004 plus
340 1920 431 2004 quies
447 1921 592 2005 ipsorum
605 1919 792 1985 hominibus
807 1919 975 2021 prodesset
989 1940 1086 2003 quem

13 2007 196 2074 1661161661
231 2008 461 2076 (116661666161
496 2009 602 2075 sudor.
658 2030 736 2095 ergo
771 2008 874 2074 nihilo
910 2008 1017 2074 minus
1050 2009 1086 2074 hi

58 2099 198 2164 multum
217 2100 321 2185 egisse
339 2099 401 2164 visi
420 2102 508 2182 6661,
529 2098 676 2183 quamvis
694 2098 779 2163 nihil
796 2098 925 2183 pubhee
944 2102 1085 2185 egerent.

149 2203 221 2271 VIL
257 2204 427 2272 Praeterea
448 2206 512 2271 1116
535 2228 652 2293 genera
676 2208 752 2270 6661
774 2206 873 2289 vitae,
896 2207 981 2271 inter
1004 2219 1121 2291 quael

59 2295 146 2380 quod
170 2297 213 2362 sit
236 2297 396 2381 optimum
420 2296 532 2380 666611
554 2297 651 2361 solet:
673 2318 775 2359 unum
798 2296 959 2380 voluptati
982 2299 1086 2378 verat,

58 2385 195 2451 alterum
223 2385 502 2470 contemplationi,
533 2385 665 2450 tertium
690 2385 822 2450 6611661.
868 2386 1010 2470 primum
1035 2385 1086 2450 de·

13 2475 166 2559 61666116
192 2476 399 2541 66616611666
427 2475 638 2559 depositoque
662 2473 751 2558 odio,
782 2474 869 2560 quod
891 2474 1086 2559 inplnoehile
1144 2500 1146 2504 ¹

59 2563 185 2630 diversa
207 2565 416 2649 sequentibus
439 2563 630 2646 indiximus,
652 2564 833 2648 videamus,
855 2567 893 2628 ut
915 2564 995 2629 11666
1019 2586 1086 2629 661·

57 2653 113 2718 616
136 2653 176 2718 nd
199 2654 284 2719 idem
308 2654 367 2719 sub
392 2655 456 2719 olio
480 2660 577 2739 61666
600 2653 780 2719 6116111616
799 2655 1002 2739 perveniant:
1024 2674 1086 2719 666

57 2743 128 2827 ille,
157 2744 214 2827 661
243 2745 359 2846 161661
360 2747 445 2809 61616
472 2744 602 2847 probet,
575 2743 702 2810 16166
707 2743 1004 2897 contemplatione
1028 2747 1084 2827 661,

57 2854 118 2898 666
139 2833 208 2918 ille,
227 2834 283 2917 qui
302 2834 569 2988 contemplationi
587 2833 722 2899 inservit
725 2833 822 2918 ,6166
840 2834 990 2922 16166161
991 2855 1008 2898 6
1027 2836 1085 2916 est,

13 2941 39 2982 16
57 2944 118 2989 666
140 2922 210 3004 ille,
239 2923 330 2989 66166
354 2925 422 3042 1116
445 2927 497 2989 661
482 2924 626 2989 tionibus
650 2923 730 2989 dest
707 2926 893 3007 1116661,661
917 2924 986 2989 6166
1011 2944 1084 2988 666-

57 3013 267 3097 161661611666
300 3016 356 3078 661.
408 2999 615 3098 plurimum'
648 3014 756 3098 inquis
785 2972 994 3079 discriminis
1027 3016 1119 3096 este

147 3187 326 3272 1116161611
348 3189 359 3262 ΙΙ
377 3189 410 3242 ll
434 3191 518 3245 verba
541 3188 646 3274 quique
670 3190 770 3243 sunt
758 3206 791 3243 111
808 3204 894 3259 uturp
914 3187 979 3244 add
998 3187 1042 3244 A’
1059 3195 1085 3244 et

54 3265 119 3328 pou
144 3260 273 3316 homines
300 3261 448 3317 inserendo
473 3277 528 3316 esse
552 3262 674 3332 61666611
702 3260 751 3328 661
779 3262 845 3314 6661
871 3260 1085 3386 6661116666

58 3331 94 3385 18
116 3347 173 3386 non
198 3332 364 3402 66166111,
387 3333 513 3389 deeet'm
533 3331 561 3386 A
583 3332 606 3404 11
620 3331 657 3385 11
681 3348 716 3385 66
742 3331 881 3432 (11661166,
907 3346 981 3400 quse
1005 3331 1067 3386 Koe

58 3417 93 3457 66
119 3402 246 3472 dignitas
271 3403 685 3486 661611166611666666
710 3419 778 3458 sorr.
800 3401 843 3456 A’
864 3401 875 3474 11
899 3401 966 3456 19
958 3419 1083 3472 ipsorum

63 3474 105 3530 W.
123 3473 229 3530 Gemoll
246 3422 360 3529 illoruin
375 3473 484 3615 11626
502 3476 535 3527 ut
551 3474 659 3531 Gertz
651 3491 681 3529 16
695 3472 1085 3546 1166661611106611661

58 3544 112 3600 bus
125 3549 152 3601 A
172 3545 279 3601 6611661
299 3547 395 3602 Muret
426 3553 477 3604 ort
491 3552 562 3604 16616
