2438 3846
247 165 298 221 lu
318 163 533 221 GALLIONEM
550 164 600 220 DE
618 164 708 220 VITA
726 164 850 220 ΒΕΑΤΔ
869 163 977 220 OAP.2
1063 167 1126 233 197

104 335 174 380 esse
195 310 343 378 ridetur.9
378 311 451 377 ideo
475 311 561 377 enim
577 309 670 394 peior
689 314 745 376 est.
781 333 849 376 non
866 315 934 376 tam
952 310 1033 377 bene
1052 332 1126 377 cum

103 403 201 469 rebus
229 401 380 467 humanis
410 401 531 488 agitur,
560 404 598 465 ut
626 401 761 466 meliora
788 401 935 487 pluribus
965 401 1127 487 placeant:

104 495 331 578 argumentum
353 490 486 575 pessimi
507 490 604 556 turba
626 495 682 556 est.
721 511 911 574 quaeramus
934 512 1025 577 ergo,
1048 490 1162 575 quida

105 581 266 666 optimum
295 579 384 645 factu
414 580 470 664 sit,
497 602 565 645 non
593 578 670 664 quid
697 579 959 663 usitatissimum,
989 583 1022 645 et
1049 579 1127 665 quid

71 690 164 735 snos
194 669 229 734 in
256 669 458 755 possessione
485 668 648 734 felicitatis
672 672 820 734 aeternae
842 669 1032 752 constituat,
1060 689 1128 734 uon

105 758 183 843 quid
205 759 316 845 volgo,
344 757 488 823 veritatis
511 758 652 842 pessimo
676 758 857 842 interpreti,
880 758 1051 843 probatum
1076 756 1126 822 sit.

104 848 239 935 vulgum
277 850 383 912 autem
420 851 487 912 tam
514 847 539 931 †
566 847 788 931 chlamydatos
823 870 921 932 quam
955 844 1126 913 coronatos

104 959 199 1021 voc03
231 959 298 1002 nou
329 937 415 1002 enim
448 936 590 1002 colorem
622 935 775 1020 vestium,
812 937 928 1021 quibus
960 939 1127 1021 praetexta

104 1029 181 1092 sunt
212 1047 361 1110 corpora,
393 1022 529 1111 aspici03
562 1026 664 1091 oculis
697 1025 736 1091 de
767 1026 899 1091 homine
928 1047 995 1091 non
1022 1024 1126 1110 credo,

57 1137 85 1178 ιο
103 1116 207 1181 habeo
230 1114 345 1179 melius
369 1118 401 1179 et
425 1114 542 1180 certius
565 1116 689 1198 lumen,
714 1135 777 1198 quo
802 1138 822 1180 a
844 1115 933 1180 falsis
952 1136 1027 1180 vera
1045 1114 1126 1179 diiu-

103 1205 221 1271 dicem:
239 1203 339 1269 animi
357 1204 480 1269 bonum
503 1203 629 1268 animus
647 1203 798 1269 inveniat.
835 1204 902 1288 hic,
925 1203 953 1268 si
970 1226 1125 1288 umquam

102 1293 260 1378 respirare
287 1293 336 1358 illi
359 1297 392 1358 et
413 1293 560 1359 recedere
583 1295 675 1358 inse
698 1294 873 1376 vacaverit,
900 1315 919 1357 o
944 1314 1040 1377 quam
1064 1287 1126 1358 sibi

103 1384 172 1468 ipse
199 1404 312 1447 verum
339 1385 444 1448 tortus
473 1405 492 1447 a
519 1403 553 1448 se
580 1382 737 1447 fatebitur
763 1404 801 1449 ac
824 1382 921 1447 dicet:
954 1382 1161 1467 ‘quicquida

102 1471 165 1537 feci
195 1470 301 1538 adhuc
327 1470 483 1538 infectum
513 1493 583 1537 esse
610 1471 755 1555 mallem,
784 1470 938 1556 quicquid
961 1471 1028 1536 dixi
1051 1491 1125 1537 cum

56 1579 84 1622 rs
102 1560 262 1647 recogito,
292 1561 391 1625 mutis
421 1559 564 1644 invideo,
597 1560 751 1644 quicquid
781 1559 892 1646 optavi
921 1559 1125 1626 inimicorum

103 1649 337 1715 execrationem
367 1652 463 1735 puto,
495 1649 649 1734 quicquid
678 1649 785 1734 timui,
818 1649 851 1712 di
880 1649 971 1732 boui,
1003 1654 1124 1733 quanto

101 1737 205 1805 levius
231 1739 295 1804 fuit
317 1760 415 1822 quam
439 1739 526 1822 quod
549 1739 712 1823 concupiit
758 1758 831 1804 cum
855 1738 966 1802 multis
989 1739 1126 1805 inimici·

101 1827 164 1893 tias
193 1827 279 1914 gessi
308 1830 341 1893 et
369 1827 405 1893 in
433 1826 571 1915 gratiam
600 1827 751 1912 exodio,
782 1827 929 1892 simodo
952 1828 1020 1893 ulla
1041 1827 1126 1894 inter

102 1917 204 1982 malos
227 1916 332 2003 gratia
352 1920 415 2003 est,
435 1916 531 1982 redii:
554 1917 635 1982 mihi
652 1917 715 2002 ipsi
737 1916 882 1982 nondum
902 1917 1023 1983 amicus
1042 1937 1123 1983 sum.

54 2024 83 2066 ro
102 2027 231 2072 omnem
261 2028 391 2092 operam
419 2006 507 2091 dedi,
538 2010 575 2072 ut
602 2028 654 2072 me
676 2005 878 2072 multitudini
901 2006 1068 2072 educerem
1092 2010 1125 2073 et

101 2096 211 2181 aliqua
237 2095 312 2161 dote
338 2096 515 2162 notabilem
538 2096 689 2162 facerem:
717 2096 795 2179 qnid
818 2095 906 2160 aliud
929 2118 1028 2180 quam
1050 2095 1123 2161 telis

101 2206 153 2251 me
181 2185 319 2271 opposui
346 2188 379 2250 et
406 2186 650 2252 malevolentiae
681 2186 768 2270 quod
791 2186 953 2251 morderet
977 2183 1124 2250 ostendi?

100 2274 190 2341 vides
212 2276 307 2360 istos,
330 2274 387 2359 qui
409 2276 627 2360 eloquentiam
644 2275 792 2359 landant,
815 2276 871 2360 qui
889 2296 970 2361 opes
986 2289 1159 2359 sequuns

100 2367 168 2447 tur,
198 2364 255 2449 qui
283 2365 406 2451 gratiae
436 2364 621 2448 adulantur,
651 2365 707 2449 qui
734 2365 914 2449 potentiam
942 2362 1124 2430 extollunt?

55 2470 82 2512 rs
101 2473 212 2518 omnes
240 2456 297 2518 aut
323 2458 400 2520 sunt
425 2454 535 2521 hostes
564 2457 633 2537 aut,
664 2453 751 2538 quod
777 2455 813 2518 in
835 2475 938 2537 aequo
962 2457 1025 2537 est,
1054 2473 1123 2519 esse

99 2544 250 2627 possunt:
280 2563 377 2627 quam
405 2564 541 2630 magnus
569 2542 756 2608 mirantium
783 2547 850 2608 tam
879 2563 1015 2629 maguus
1041 2542 1124 2607 invi·

100 2630 244 2697 dentium
266 2632 407 2717 populus
431 2636 488 2697 est.
530 2632 609 2718 quin
631 2633 740 2716 potius
765 2654 883 2717 quaero
907 2631 1038 2715 aliquod
1061 2652 1123 2697 usu

100 2720 237 2804 bonum,
256 2720 342 2804 quod
361 2722 512 2808 sentiam,
528 2743 596 2787 non
615 2721 703 2806 quod
722 2720 910 2787 ostendam?
945 2722 1021 2806 ista,
1040 2743 1122 2807 quae

100 2812 295 2895 spectantur,
314 2810 355 2875 ad
373 2822 455 2895 quae
473 2811 670 2894 consistitur,
688 2832 770 2895 quae
788 2812 869 2876 alter
883 2811 976 2876 alteri
990 2815 1122 2896 stupens

53 2917 81 2959 eo
99 2901 273 2982 momtrat,
295 2898 374 2965 foris
396 2900 515 2984 nitent,
536 2899 695 2965 introrsus
718 2901 835 2966 misem
858 2900 955 2966 sunt'

173 3109 209 3182 [7
228 3108 395 3167 clamidatos
419 3128 505 3182 quam
528 3115 675 3168 coronatos
694 3112 723 3168 A
747 3111 927 3181 (clamidatos
945 3114 977 3167 in
994 3128 1049 3168 rar.
1070 3111 1121 3182 21⁸)

99 3188 241 3266 conrepta,
262 3185 387 3268 mamma
408 3183 540 3269 defendat
562 3183 729 3266 Gronovius·
744 3183 911 3239 candidatos
937 3200 1036 3268 quam·
1048 3183 1122 3239 colo-

99 3254 185 3452 ,ri
202 3253 527 3383 ira
551 3325 1122 3398 a„

105 3395 136 3481 ,ὅ
153 3397 241 3480 mutis
256 3396 371 3480 invideo
387 3397 537 3482 Gruterin
551 3397 746 3482 muffisffideo
761 3399 789 3453 A
802 3397 812 3472 ll
831 3396 867 3452 16
879 3397 984 3482 Imuidi
996 3397 1039 3453 Αι
1052 3414 1120 3454 corr.

97 3466 347 3613 &popitdiffnl
378 3468 586 3597 llxlnpsetdpplhi
605 3469 716 3540 rps1A¹
734 3486 803 3526 corr.
820 3468 863 3526 ,1¹
882 3469 896 3543 ll
919 3468 955 3525 28
972 3471 1041 3524 istos
1060 3486 1084 3523 r.
1095 3486 1125 3522 e.
