2438 3846
259 174 309 263 AD
323 172 500 229 ‚molan
518 172 568 227 ΒΕ
588 172 867 228 CONSOLATIONE
887 172 1012 226 CAP.19
1084 176 1148 241 179

124 324 202 386 sunt
228 320 268 385 de
294 320 389 385 nobis
416 323 565 405 parentes
592 318 711 403 nostri,
740 319 797 403 qui
824 340 898 383 cum
928 318 1151 386 condicionem

124 411 211 476 vitae
232 413 380 493 nossent,
401 409 437 474 in
458 409 543 475 benc
565 430 625 473 nos
649 409 858 474 sustulerunt.

214 498 300 563 XIX.
337 497 401 565 Sed
421 502 459 564 ut
481 499 522 563 ad
536 499 656 564 solacia
669 498 807 583 veniam,
829 499 994 563 videamus
1009 499 1150 583 primum
1171 517 1184 567 1

126 588 203 674 quid
240 588 417 654 curandum
454 589 510 671 sit,
551 586 665 653 deinde
703 588 982 670 quemadmodum.
1042 591 1152 654 movet

93 680 290 763 slugeutem
322 676 516 742 desiderium
549 678 618 742 eius
655 699 752 760 quem
786 677 907 742 dilexit.
962 677 996 742 id
1027 699 1086 761 per
1117 699 1151 742 se

125 767 293 834 tolerabile
311 787 381 831 esse
400 771 547 850 apparet5
566 767 708 831 absentis
728 767 814 831 enim
829 767 1055 852 afuturosque‚
1073 766 1151 831 dum

124 856 249 939 vivent,
270 877 338 920 non
361 856 489 939 flemus,
514 857 660 939 quamvis
684 857 790 920 omnis
809 878 887 920 usus
905 857 1000 921 uobis
1018 857 1150 921 illorum

125 966 200 1010 cum
231 949 363 1029 aspectu
393 949 522 1029 ereptus
551 945 607 1009 sit:
640 945 750 1028 opinio
779 951 829 1010 est
856 966 947 1030 ergo,
982 966 1064 1029 quae
1091 967 1151 1011 nos

126 1033 261 1118 cruciat,
297 1039 330 1100 et
366 1035 450 1099 tanti
487 1034 638 1118 quodque
670 1036 791 1099 malum
825 1038 888 1118 est,
925 1035 1038 1119 quanti
1070 1035 1151 1099 illud

80 1124 315 1188 retexerimus.
366 1124 401 1189 in
431 1128 543 1189 nostra
575 1127 737 1207 potestate
770 1123 947 1189 remedium
982 1125 1152 1190 habemus:

125 1213 303 1278 iudicemus
318 1214 392 1277 illos
406 1213 518 1278 abesse
532 1218 566 1278 et
579 1217 707 1278 nosmet
720 1214 783 1298 ipsi
795 1214 956 1298 fallamus,
970 1213 1151 1279 dimisimus

126 1302 215 1386 illos,
241 1302 342 1367 immo
370 1303 575 1368 consecuturi
602 1303 837 1386 praemisimus.
883 1306 993 1368 movet
1016 1308 1048 1368 et
1071 1304 1186 1368 illuda

124 1393 304 1482 lugentem:
328 1398 412 1462 ‘non
434 1392 496 1462 erit
514 1398 570 1481 qui
589 1419 641 1461 me
660 1396 824 1480 defendat,
849 1398 906 1481 qui
924 1421 944 1462 a
962 1401 1151 1481 contemptu

124 1486 287 1552 vindicet?
336 1491 373 1551 ut
401 1488 533 1552 minime
561 1486 722 1570 probabili
746 1487 802 1551 sed
825 1508 901 1551 vero
925 1487 1045 1552 solacio
1069 1490 1152 1570 utar,

81 1599 107 1639 ιε
125 1575 160 1639 in
187 1576 317 1641 civitate
346 1581 458 1641 nostra
488 1577 561 1660 plus
592 1576 714 1662 gratiae
745 1577 866 1641 orbitas
898 1577 1023 1641 confert
1054 1598 1150 1661 quam

125 1664 380 1749 eripit‚adeoque
390 1668 588 1731 senectutem
599 1665 970 1750 solitudo,queesolebat
978 1665 1151 1749 destruere,

126 1753 166 1818 ad
189 1755 369 1838 potentiam
392 1754 494 1839 ducit,
520 1758 558 1820 ut
580 1755 712 1838 quidam
735 1754 809 1819 odia
832 1756 974 1820 filiorum
998 1755 1152 1820 simulent

126 1847 159 1908 et
181 1844 299 1909 liberos
323 1845 461 1926 eiurant,
489 1844 662 1910 orbitatem
685 1867 784 1909 manu
806 1844 935 1909 faciant.
982 1844 1049 1909 scio
1073 1843 1151 1926 quid
1170 1859 1186 1909 s

126 1932 226 1998 dicas:
257 1933 338 1998 ‘non
366 1937 499 1999 movent
525 1956 577 1998 me
604 1933 798 1999 detrimenta
826 1956 911 2016 mea3
942 1934 1061 1998 etenim
1084 1954 1151 1998 uon

80 2045 107 2085 ro
126 2025 176 2086 est
211 2023 329 2108 dignus
366 2024 500 2107 solacio,
538 2022 594 2108 qui
628 2022 732 2087 filium
765 2022 828 2087 sibi
860 2022 1034 2088 decessisse
1067 2022 1152 2088 sicut

125 2111 324 2195 mancipium
343 2114 478 2178 moleste
496 2113 574 2196 fert,
592 2113 644 2177 cui
663 2112 836 2196 quicquam
855 2113 890 2177 in
909 2112 978 2176 filio
991 2112 1152 2196 respicere

126 2204 253 2284 praeter
274 2200 383 2284 ipsum
406 2200 520 2266 vacat'
571 2200 648 2284 quid
671 2202 773 2288 igitur
794 2205 840 2283 te,
863 2201 998 2283 Marcia,
1021 2199 1152 2266 movet?

126 2293 236 2354 utrum
255 2290 342 2374 quod
361 2290 447 2355 filius
467 2295 543 2355 tuus
562 2291 711 2373 decessit,
730 2313 772 2355 an
791 2290 878 2374 quod
896 2313 963 2355 non
979 2291 1034 2354 diu
1048 2288 1152 2355 vixit?

126 2379 154 2443 si
178 2379 265 2464 quod
288 2379 438 2463 decessit,
462 2401 590 2464 semper
611 2380 751 2445 debuisti
774 2379 896 2464 dolere;
915 2402 1042 2464 semper
1064 2380 1151 2445 enim

81 2491 107 2532 as
127 2468 216 2533 scisti
240 2467 441 2533 moriturum.
479 2470 588 2556 cogita
605 2469 703 2533 nullis
723 2469 911 2535 defunctum
933 2470 1027 2534 malis
1047 2469 1187 2554 adficit

216 2625 232 2680 1
252 2642 316 2679 cnm
330 2627 362 2681 F
376 2626 445 2697 volp.
464 2628 533 2680 tuuc
547 2626 575 2681 A
597 2626 607 2697 ΗΗ
629 2625 647 2680 2
665 2626 695 2679 in
710 2628 741 2681 F
754 2628 823 2752 uolp.
844 2642 882 2680 an
895 2629 923 2681 A
928 2647 939 2693 ‚·
956 2633 1061 2682 sauata
1082 2629 1151 2681 tuuc

126 2698 262 2752 Schultess
281 2714 318 2752 an
335 2698 410 2751 hanc
429 2700 460 2751 iu
478 2699 632 2766 antequam
650 2704 740 2752 unutat
828 2696 974 2752 videamus
993 2699 1151 2753 Piuciouus

125 2768 250 2823 uideatis
264 2770 292 2824 A
310 2769 410 2823 uideas
429 2777 480 2824 out
499 2769 610 2824 uidebis
625 2782 642 2823 s
659 2769 724 2836 vide
744 2785 761 2823 a
799 2770 844 2824 his
863 2770 1000 2825 Schultess
1023 2770 1034 2841 Η
1058 2768 1077 2823 e
1101 2784 1150 2839 ap-

126 2842 208 2908 paret
222 2841 253 2895 F
267 2848 300 2896 ut
317 2842 385 2910 culp.
406 2844 545 2911 appareat
559 2842 587 2896 A
607 2841 611 2913 Η
633 2841 816 2910 afuturosque
831 2840 918 2911 (abt)
933 2842 1068 2896 Plucioui
1086 2841 1149 2896 ‘oet

126 2912 218 2967 lectio’
240 2910 406 2982 futurosque
425 2913 453 2967 A
477 2912 488 2983 ΗΗ
512 2911 529 2967 8
551 2929 614 2966 cum
634 2914 751 2982 aspectu
772 2913 908 2969 Schultess
936 2914 1103 2982 conspectus
1121 2913 1150 2968 A

126 3000 188 3037 cum
216 2985 369 3054 conspectu
393 2985 490 3039 Haase
515 2985 526 3056 ΗΗ
552 2983 570 3038 l)
592 2983 674 3038 illum
694 2985 856 3038 taxauimus
874 2984 917 3039 A¹
938 2983 1100 3039 taxabimus
1118 2987 1151 3040 lu

125 3054 285 3181 esest
302 3056 886 3195 devhl‘bltwhmalaeht‘lh‘
894 3055 1149 3198 §teletis

125 3195 222 3251 babile
243 3199 271 3254 A
295 3197 306 3269 Η
330 3196 366 3252 lt
389 3197 527 3253 distruere
548 3169 586 3253 A'
600 3198 610 3270 ΗΗ
635 3198 670 3252 18
689 3198 799 3252 eiurent
815 3198 916 3253 Gruter
930 3168 1048 3253 ’seruent
1062 3198 1126 3253 AF
1143 3198 1147 3270 Η

125 3271 155 3323 et
173 3276 238 3325 oute
256 3268 315 3326 orb.
330 3270 394 3325 odd.
409 3269 492 3340 A¹(.?)
506 3270 517 3341 Η
534 3269 569 3325 21
584 3271 723 3338 respicere
738 3271 762 3323 si
776 3273 871 3339 preter
884 3272 912 3323 A
931 3270 966 3340 (si
979 3271 1012 3324 in
1025 3270 1057 3324 F
1067 3269 1149 3340 deest)

125 3357 199 3410 resp.
214 3342 258 3395 sui
273 3359 315 3410 pr.
331 3342 467 3397 Schultess
484 3343 487 3414 Η
512 3341 548 3396 25
566 3343 765 3396 moriturums
783 3342 855 3397 mori
868 3343 913 3408 A;
926 3348 1039 3410 praeter
1057 3343 1149 3396 terrui-

125 3414 266 3468 uutiouem
283 3414 358 3469 uerbi
372 3416 487 3483 porticu
498 3431 545 3468 uns
562 3415 686 3482 aliquam
704 3414 832 3469 haustam
846 3429 900 3469 esse
914 3414 996 3468 verba
1008 3414 1149 3482 sequeutia

126 3484 311 3539 udmeteutem
338 3501 400 3539 suus
427 3486 481 3539 sibl
503 3488 692 3553 persuaserint
719 3503 759 3540 uo.
781 3485 838 3552 dd,
862 3501 955 3550 nunc„
977 3485 1028 3547 at„
1044 3483 1140 3548 petis:

127 3554 229 3610 deinde
248 3556 363 3611 addunt.
383 3556 417 3612 de
433 3557 581 3627 particulo
599 3556 698 3616 diabilo
721 3557 788 3628 left.
801 3573 868 3628 cop.
879 3557 987 3623 Mb,
1004 3553 1099 3618 blm
1111 3558 1140 3598 *δ’

915 3659 974 3713 X‘b'*
