2438 3846
108 140 174 204 262
305 135 336 189 L.
350 133 493 190 ANNAEI
512 133 677 190 SENECAE
696 135 791 192 DIAL.
806 134 874 192 LIB.
889 134 935 190 IX.

108 304 172 366 quo
213 281 461 347 innumerabiles
501 282 602 346 libros
643 284 676 345 et
711 281 949 366 bybliothecas,
994 303 1132 365 quarum

107 372 257 437 dominus
280 369 335 434 vir
358 374 427 436 tota
449 371 517 435 vita
538 371 660 438 indices
683 370 842 458 perlegit?
879 373 992 437 onerat
1009 369 1132 437 discen-

107 466 173 526 tem
200 461 309 544 turba,
339 482 407 526 non
434 460 580 545 instruit,
611 461 779 544 multoque
810 459 910 527 satius
941 462 989 527 est
1018 461 1131 546 paucis

72 567 88 616 5
107 554 140 616 te
169 550 355 616 auctoribus
379 549 516 633 tradere,
550 571 646 634 quam
670 573 775 616 errare
798 572 857 634 per
879 552 1007 617 multos.
1055 572 1132 636 qua-

107 640 257 725 draginta
279 639 370 704 milia
391 638 549 704 librorum
568 637 783 705 Alexandriae
802 644 961 724 arserunt3
983 639 1132 723 pulcher·
1165 661 1177 701 5

107 730 226 793 rimum
248 730 355 814 regiae
379 728 562 812 opulentiae
580 730 814 794 monimentum
838 729 920 793 alius
942 729 1132 814 laudaverit,

108 820 192 884 siout
214 818 249 883 Τ.
273 819 397 902 Livius,
431 818 487 902 qui
516 818 693 904 elegantiae
725 841 838 904 regum
862 839 1020 902 curaeque
1044 840 1131 904 egre

107 909 197 994 gium
227 908 260 971 id
291 931 372 993 opus
403 908 448 973 ait
470 907 583 973 fuisse:
612 923 679 973 non
702 908 765 972 fuit
788 907 948 994 elegantia
970 908 1052 972 illud
1075 912 1132 973 aut

106 1019 197 1081 cura,
225 998 281 1062 sed
305 997 449 1062 studiosa
470 997 612 1081 luxuria,
635 998 799 1062 immone
823 998 968 1064 studiosa
991 997 1132 1083 quidem,

107 1086 259 1170 quoniam
281 1108 348 1151 non
369 1087 403 1151 in
426 1086 568 1152 studium
592 1086 648 1152 sed
670 1087 705 1152 in
728 1087 948 1173 spectaculum
966 1109 1131 1172 compara
1151 1111 1177 1150 ro

106 1181 228 1260 verant,
242 1177 326 1242 sicut
338 1174 501 1260 plerisque
515 1177 636 1262 ignaris
651 1178 749 1242 etiam
763 1176 937 1261 puerilium
950 1177 1131 1243 litterarum

104 1267 180 1331 libri
202 1288 268 1331 non
292 1266 472 1331 studiorum
494 1266 710 1333 instrumenta
732 1267 789 1332 sed
814 1265 1020 1332 cenationum
1039 1289 1131 1332 orna·

106 1359 213 1420 monta
232 1359 315 1419 sunt.
353 1359 484 1439 paretur
502 1355 611 1439 itaque
629 1356 786 1421 librorum
806 1359 963 1439 quantum
983 1355 1060 1421 satis
1079 1356 1131 1440 sit,

70 1460 85 1509 6
104 1444 188 1508 nihil
205 1446 241 1508 in
259 1448 457 1528 apparatum.
496 1444 695 1509 ‘honestius'
713 1445 821 1529 inquis
837 1445 914 1510 ‘hoc
928 1467 963 1510 sa
977 1445 1130 1529 inpensae

105 1556 202 1618 quam
217 1534 251 1598 in
261 1532 428 1598 Corinthia
441 1534 610 1618 pictasque
623 1533 751 1599 tabulas
761 1533 953 1607 effuderint?
975 1535 1130 1599 vitiosum
1150 1556 1176 1596 ra

105 1628 154 1689 cst
172 1623 301 1707 ubique,
320 1622 407 1708 quod
425 1623 563 1687 nimium
582 1625 639 1689 est.
677 1624 754 1707 quid
771 1623 887 1707 habes,
906 1643 964 1687 our
980 1623 1129 1708 ignoscas

103 1711 230 1777 homini
257 1713 395 1777 armaria
416 1732 432 1777 c
455 1712 536 1777 citro
565 1716 662 1796 atque
689 1714 786 1778 ebore
808 1713 966 1803 captanti,
994 1733 1131 1796 corpora

104 1801 309 1886 conquirenti
331 1804 388 1867 aut
410 1801 598 1888 ignotorum
622 1806 791 1866 auctorum
810 1802 865 1868 aut
883 1800 1130 1887 inprobatorum

104 1895 137 1957 ot
164 1891 248 1956 inter
277 1894 327 1955 tot
356 1891 447 1956 milia
470 1891 628 1956 librorum
654 1891 818 1975 oscitanti,
848 1892 901 1956 cui
926 1891 1130 1956 voluminum

69 1996 237 2046 rsuorum
264 1979 387 2044 frontes
410 1981 551 2045 maxime
574 1980 704 2064 placent
727 1980 901 2065 titulique?
942 1984 1026 2065 aput
1049 1979 1130 2045 desi·
1149 2003 1176 2044 ao

104 2068 304 2135 diosissimos
319 2091 396 2156 ergo
410 2068 534 2135 videbis
549 2069 703 2155 quioquid
714 2070 897 2135 orationum
907 2069 1130 2136 historiarum-

105 2180 167 2243 que
195 2162 256 2241 est,
284 2163 370 2224 teoto
393 2161 488 2224 tenus
511 2163 675 2225 exstructa
696 2160 927 2246 loculamenta3
954 2161 1019 2224 iam
1043 2160 1129 2225 enim

104 2247 189 2313 inter
205 2247 369 2314 balnearia
387 2253 420 2314 et
437 2249 580 2315 thermas
598 2249 806 2334 bybliotheca
824 2272 952 2335 quoque
970 2253 1009 2314 ut
1021 2271 1129 2316 neces·

104 2337 225 2403 sarium
239 2339 353 2404 domus
368 2343 592 2405 ornamentum
606 2339 778 2425 expolitur.
810 2339 1010 2427 ignoscerem
1023 2340 1129 2426 plane,

105 2428 133 2492 si
156 2427 337 2492 studiorum
359 2428 461 2493 nimia
484 2429 635 2512 cupidine
658 2433 830 2495 erraretur:
859 2451 946 2495 nunc
969 2429 1031 2494 ista
1054 2450 1129 2496 con-
1147 2452 1175 2493 aa

105 2515 237 2601 quisita,
261 2538 334 2582 cum
358 2517 554 2604 imaginibus
578 2519 644 2584 suis
668 2518 824 2602 discripta
846 2539 1011 2584 sacrorum
1031 2539 1129 2603 opera

104 2605 307 2693 ingeniorum
324 2607 359 2671 in
378 2608 517 2692 speeiem
532 2611 565 2673 et
578 2609 702 2674 cultum
716 2609 876 2693 parietum
891 2611 1128 2692 comparantur.

194 2765 209 2819 7
229 2765 291 2820 Lis.
310 2765 346 2832 fr.
365 2771 402 2820 40
421 2767 509 2822 Hertz

192 2861 211 2916 8
235 2864 336 2932 paucis
355 2863 398 2919 A⁶
421 2862 431 2936 [l
459 2862 478 2918 4
502 2866 532 2919 te
556 2865 584 2920 A
609 2865 659 2932 cfr.
683 2865 745 2920 Iob.
761 2867 868 2923 Matio·
890 2868 922 2920 ia
944 2867 1015 2922 adis
1037 2866 1126 2923 Aeod.

111 2943 224 2999 Viadob.
245 2944 299 2999 ΟΧ
305 2944 384 2998 VIII
399 2949 470 3000 1889
483 2949 547 3015 p&
565 2961 594 2998 se
611 2946 724 3001 Gemadc
745 2945 748 3018 l
771 2939 833 3000 ‚xl
854 2947 882 3016 (i.
898 2963 920 3000 e.
936 2946 1128 3016 quadraginta

103 3013 194 3083 milia)
218 3016 246 3070 A
274 3015 483 3086 quadringenta
510 3034 547 3070 m.
571 3018 728 3072 Pincianae
753 3017 764 3090 11
792 3018 807 3071 7
833 3017 864 3072 Τ.
886 3017 981 3071 Livius
1007 3018 1129 3089 Madeip

104 3085 235 3140 &liuius
256 3088 284 3142 A
310 3087 345 3142 de
368 3088 388 3142 t.
408 3088 489 3143 Liuio
513 3090 544 3142 ia
566 3106 651 3160 marg.
674 3087 716 3144 A⁸
741 3088 745 3162 Ι
779 3089 813 3144 ll
837 3089 989 3158 puerilium
1008 3090 1129 3162 Mactata

104 3158 249 3213 seruilium
269 3159 326 3298 A„
347 3158 382 3213 13
401 3160 439 3214 sit
452 3161 480 3215 A
500 3162 543 3214 ost
557 3159 641 3216 Gertz
663 3160 688 3286 lp]
696 3159 732 3215 14
769 3179 805 3216 uc
824 3177 854 3216 sa
873 3162 974 3231 Haupt
991 3161 1049 3230 (aed
1065 3162 1129 3216 cide

103 3230 136 3285 de
161 3231 286 3286 adverbii
322 3248 399 3286 mma
417 3231 485 3287 dial.
513 3233 540 3287 V
555 3235 600 3300 21,
616 3235 644 3302 3)
690 3249 723 3288 oc
748 3235 778 3288 te
799 3233 841 3289 A¹
864 3249 933 3288 corr.
954 3235 987 3288 ia
1008 3232 1096 3288 hocce
1117 3233 1128 3305 ΙΙ

104 3301 138 3356 17
153 3318 168 3356 e
183 3302 248 3356 add.
264 3302 347 3358 Gertz
362 3303 366 3375 Ι
383 3303 513 3371 captanti
526 3320 560 3358 ea
572 3306 614 3359 -te
629 3306 784 3360 corr.A¹·¹
816 3304 851 3360 18
866 3305 1062 3373 conquirentia
1071 3306 1100 3360 A
1117 3313 1129 3368 ΙΙ

103 3372 140 3427 24
158 3374 300 3442 expetitur
317 3375 387 3430 coci.
404 3375 519 3430 Wolters
536 3375 547 3448 ΙΙ
564 3374 600 3430 Et
616 3378 757 3432 erraretur
801 3377 850 3432 oct
869 3378 995 3432 oreretur
1007 3375 1050 3431 A¹
1067 3379 1127 3446 (ore

101 3446 135 3498 ia
152 3447 219 3514 raa)
238 3445 358 3500 oriretur
372 3444 414 3501 A¹
430 3446 441 3519 Η
458 3445 495 3501 26
514 3448 612 3516 <et>
632 3465 695 3503 cum
714 3448 783 3519 oolp.
803 3449 809 3521 Ι
830 3448 968 3518 discripta
986 3448 1015 3502 et
1034 3462 1128 3509 saero-

84 3529 151 3566 mm
164 3516 199 3570 A
216 3533 287 3572 corr.
304 3519 374 3591 rolq.
396 3519 426 3574 et
445 3517 530 3575 discr.
545 3535 615 3576 sacr.
632 3519 714 3577 Gerra
