2438 3846
145 138 188 204 80
340 135 369 190 a.
385 133 528 189 aunam
546 91 711 190 snunosn
729 132 824 188 nun
839 131 906 188 ms.
920 132 968 189 Ν.

145 282 334 365 sapientem,
367 285 535 365 quantum·
558 280 713 345 scelerum
745 278 920 365 indignitas
952 279 1067 366 exigit,
1097 303 1165 346 non

144 369 345 435 irascendum
368 370 417 435 illi
440 369 496 435 sed
519 368 742 434 insaniendum
765 372 822 433 est.

110 496 124 544 1
233 475 272 541 X.
308 474 394 541 illud
423 476 532 560 potius
563 475 734 560 cogitabis,
765 496 832 540 non
864 497 932 540 esse
963 474 1165 541 irascendum

145 566 313 630 erroribus.
367 564 446 650 quid
477 565 576 644 enim,
608 565 636 629 si
668 564 748 648 quis
772 565 928 629 irascatur
959 565 994 629 in
1024 565 1165 631 tenebris

144 677 258 739 parum
280 655 417 740 vestigia
439 657 527 719 certa
548 653 765 738 ponentibus?
803 654 895 738 quid,
918 654 946 718 si
968 653 1040 738 quis
1060 654 1165 719 surdis
1196 677 1209 717 e

144 743 279 827 imperia
300 764 368 809 non
390 743 655 809 exaudientibus?
694 742 786 826 quid,
808 743 835 807 si
858 743 979 827 pueris,
1002 743 1090 827 quod
1111 765 1166 808 ne

144 833 250 918 glecto
270 831 416 917 dispectu
435 832 617 898 officiorum
635 830 676 896 sd
691 832 781 897 lusus
796 835 828 896 et
841 832 968 916 ineptos
983 833 1167 916 aequalium

144 923 233 987 iocos
264 921 431 1006 spectent?
475 921 568 1006 quid,
597 921 625 985 si
654 921 720 985 illis
749 921 845 986 irasci
871 922 965 1005 velis,
987 923 1055 1004 qui,
1078 922 1166 1006 quod

145 1013 313 1096 aegrotant
336 1015 519 1095 senescunt,
540 1009 740 1096 fatigantur?
789 1011 873 1074 inter
895 1013 1001 1076 cetera
1022 1011 1166 1076 mortali-

144 1100 221 1164 tatis
239 1100 444 1165 incommoda
461 1104 494 1165 et
510 1101 574 1165 hoc
592 1102 655 1182 est,
672 1099 778 1186 caligo
796 1100 953 1165 mentium
966 1121 1026 1165 nec
1039 1104 1166 1166 tantum
1184 1123 1211 1163 ro

109 1189 316 1257 anecessitas
340 1189 466 1254 errandi
489 1189 545 1254 sed
568 1202 712 1254 errorum
735 1211 833 1254 amor.
877 1211 919 1254 ns
946 1189 1082 1276 singulis
1105 1190 1166 1254 ira·

145 1278 258 1362 scaris,
279 1276 437 1344 universis
455 1278 688 1365 ignoscendum
706 1282 768 1363 est,
786 1279 896 1364 generi
912 1279 1054 1344 humano
1072 1279 1168 1344 venia

144 1366 314 1432 tribuenda
337 1371 393 1434 est.
439 1369 467 1433 si
489 1368 635 1433 irasceris
658 1368 827 1434 iuvenibus
850 1368 1056 1452 senibusque,
1079 1367 1167 1453 quod

145 1461 293 1541 peccant,
322 1457 458 1523 irascere
484 1462 513 1523 et
538 1456 729 1523 infantibus:
756 1457 920 1542 peccaturi
946 1460 1029 1522 sunt.
1074 1478 1166 1522 num·

146 1545 218 1629 quis
237 1546 386 1611 irascitur
404 1547 522 1631 pueris,
540 1568 678 1631 quorum
692 1549 779 1612 aetas
797 1546 941 1628 nondum
953 1546 1047 1612 novit
1059 1567 1167 1612 rerum
1185 1568 1211 1610 rs

146 1634 352 1700 discrimina?
397 1636 500 1700 maior
529 1640 579 1701 est
607 1636 771 1702 excusatio
801 1640 834 1701 et
860 1636 976 1701 iustior
1001 1635 1166 1701 hominem

110 1742 126 1792 3
146 1745 215 1788 esse
245 1746 342 1808 quam
372 1746 516 1808 puerum.
561 1726 624 1791 hac
650 1725 840 1791 condicione
861 1725 931 1789 nati
954 1745 1078 1808 sumus,
1100 1725 1167 1790 ani-

146 1813 243 1879 malia
272 1814 413 1878 obnoxia
440 1836 508 1878 non
539 1814 745 1899 paucioribus
775 1814 874 1878 animi
901 1835 999 1898 quam
1022 1814 1167 1898 corporis

147 1903 282 1987 morbis,
312 1924 379 1968 non
409 1902 539 1987 quidem
571 1903 687 1969 obtusa
714 1924 775 1968 nec
804 1902 909 1987 tarda,
938 1902 993 1968 sed
1020 1903 1168 1968 acumine

145 1996 258 2057 nostro
290 1993 374 2057 male
406 1993 543 2075 utentia,
579 1993 660 2058 alter
688 1992 786 2060 ,alteri
817 1992 972 2057 vitiorum
1008 1993 1211 2077 exemplatas

147 2081 293 2165 quisquis
323 2082 469 2165 sequitur
497 2081 620 2166 priores
649 2082 733 2147 male
761 2082 824 2146 iter
851 2082 1026 2167 ingressos,
1054 2080 1169 2165 quidni

39 2180 42 2185 '
111 2170 263 2237 shabeat
292 2171 544 2254 excusationem,
573 2192 647 2236 cum
676 2170 807 2255 publica
835 2171 888 2234 via
915 2170 1088 2235 erraverit?
1134 2171 1169 2234 in

147 2259 292 2345 singulos
311 2260 463 2325 severitas
481 2259 684 2344 imperatoris
703 2258 921 2346 destringitur,
939 2262 973 2324 at
989 2260 1169 2325 necessaria

147 2350 241 2413 venia
261 2352 322 2431 est,
341 2348 396 2413 ubi
414 2352 503 2414 totus
523 2349 663 2414 deseruit
680 2349 847 2414 exercitus.
885 2348 963 2433 quid
981 2349 1068 2414 tollit
1085 2349 1168 2414 iram

148 2438 323 2522 sapientis?
354 2439 450 2503 turba
467 2438 684 2524 peccantium:
702 2439 863 2525 intellegit
880 2460 977 2522 quam
996 2442 1029 2504 et
1045 2437 1167 2504 inicum
1185 2459 1211 2501 ss

113 2547 128 2594 s
148 2529 190 2592 sit
208 2532 240 2592 et
258 2528 475 2611 periculosum
493 2528 588 2594 irasci
606 2528 737 2612 publico
756 2530 846 2595 vitio.
881 2526 1065 2594 Heraclitus
1089 2549 1167 2614 quo

237 2719 254 2775 8
279 2719 486 2790 iocosspectent
510 2722 538 2776 A
571 2724 668 2792 (prior.
695 2740 708 2776 s
733 2739 754 2778 s.
769 2740 794 2778 o.
808 2721 873 2777 add.
887 2739 922 2784 m.
936 2723 964 2791 2)
994 2721 999 2794 1
1029 2721 1166 2792 <qni,>

148 2791 224 2860 quod
250 2794 401 2862 aegrotant
426 2795 587 2862 senescunt,
611 2792 770 2864 fatigantur
787 2794 887 2863 scripsi
905 2792 982 2863 quod
1000 2795 1168 2864 aegrounes

149 2866 314 2918 senescunt?
333 2863 511 2934 fatigantur?
524 2866 553 2920 A
572 2865 622 2935 qui
640 2867 772 2936 egrotant
790 2881 811 2920 s.
826 2863 845 2919 f.
860 2866 887 2921 L
906 2864 968 2934 qui,
988 2865 1055 2919 dum
1069 2880 1168 2935 aegro·

147 2937 212 2989 tant
230 2938 281 2990 aut
299 2939 460 3004 senescunt,
479 2935 530 2992 fat.
547 2936 630 2992 Gertz
647 2936 727 3006 quod·
742 2935 852 3007 aegroti
870 2939 922 2991 aut
939 2952 1020 2992 senes
1038 2936 1131 2992 eundo
1148 2935 1167 2991 f.

149 3006 300 3074 &tultam
318 3008 371 3061 alii
388 3010 420 3061 ia
433 3009 599 3076 pronesiae
616 3007 673 3062 illis
692 3010 776 3063 latere
787 3009 886 3072 citium
899 3009 1030 3063 orbitati
1042 3024 1097 3077 pro
1110 3007 1169 3062 illis

148 3078 218 3133 coni.
228 3076 295 3131 ullis
307 3079 437 3147 (Vahlen)
449 3077 590 3133 inbecillis
600 3080 702 3150 (Koch)
710 3078 827 3134 servulis
836 3081 879 3134 cel
887 3078 999 3134 ancillis
1009 3079 1153 3149 (Karion)
1158 3099 1170 3145 ;

148 3149 195 3204 sed
213 3149 263 3215 cfr.
285 3147 425 3204 Gentium
448 3151 480 3204 in
504 3150 568 3205 edit.
593 3151 604 3223 Η
628 3149 664 3205 18
685 3148 838 3205 tribuenda
853 3152 890 3217 A,
907 3150 956 3205 sed
973 3166 991 3205 a
1009 3167 1044 3206 ec
1060 3155 1080 3205 r'r
1098 3167 1168 3207 corr.

148 3221 211 3288 fort.
227 3225 293 3275 m.1
318 3219 329 3292 tl
353 3219 389 3276 14
407 3222 437 3275 et
454 3220 518 3276 odd.
539 3221 621 3276 Gertz
648 3222 652 3294 Ι
679 3228 744 3277 ante
765 3221 911 3290 peccaturi
928 3220 971 3276 Μ
988 3228 1021 3277 ut
1037 3223 1091 3278 oid.
1106 3238 1128 3276 s.
1143 3239 1167 3277 v.

149 3290 226 3360 quod
250 3291 325 3358 adu,
347 3292 380 3346 ic
402 3298 530 3348 contecta
547 3293 647 3348 babent
664 3293 692 3348 L
710 3299 736 3350 ct
752 3294 821 3363 cole.
847 3291 858 3365 tl
883 3292 916 3347 1⁷
940 3292 1063 3348 editione
1077 3291 1120 3348 Αὅ
1137 3295 1170 3347 in

148 3379 203 3418 ras.
223 3379 257 3418 ecc
274 3361 316 3417 Αι
333 3364 472 3432 scriptura
490 3370 598 3419 tuntum
612 3380 627 3418 c
641 3371 667 3419 ct
680 3380 696 3420 s
710 3365 897 3434 dispiciuntur
913 3363 924 3436 t
941 3362 978 3419 2⁰
996 3363 1069 3419 alter
1084 3362 1168 3419 alteri

147 3435 247 3489 ‘liures
271 3433 362 3488 altera
387 3433 471 3489 alteri
488 3437 517 3491 A
540 3434 631 3491 altera
654 3434 751 3493 alteris
770 3435 867 3491 Haase
890 3433 901 3508 ss
924 3433 961 3490 28
983 3435 1169 3507 destringitur

58 3523 66 3532 ·
131 3503 264 3573 Madmja
280 3505 353 3559 dist
370 3507 399 3561 A
715 3511 718 3518 '
