2438 3846
117 145 157 200 VI
519 148 725 204 PRAEFATIO

117 298 209 372 tinet,
232 298 280 358 vel
302 299 403 375 potius
428 299 608 376 archetypus
632 298 695 360 eius
718 300 921 377 continuerat,
944 303 986 362 sic
1009 303 1138 380 scriptus

118 389 164 447 eat
186 406 277 447 manu
300 389 411 464 priora:

460 469 489 522 L.
504 469 621 524 ANNEI
640 469 791 525 SENEGAE

351 557 596 613 oinnccoevu
614 559 712 614 oraru
729 547 820 615 utu.
835 559 895 615 xii.

116 646 157 700 IN
175 646 298 701 PRIMIS
317 647 367 701 AD
386 646 569 702 LVGILIVM.
608 648 732 714 QVARE
755 648 894 715 ALIQVA
916 649 1139 706 INCOMMODA

175 718 282 774 BONIS
303 717 398 772 UIRIS
417 717 609 774 AOCIDANT.
647 718 725 774 (ΝΜ
742 719 994 776 PROUIDENTIA
1014 722 1077 777 SIT.

223 789 274 844 AD
294 789 478 844 SERENVM.
514 790 586 845 NEC
605 790 779 846 INIVRIAM
796 790 869 846 Nus

224 860 297 917 GON
314 861 364 915 'IV
382 861 527 915 MELIAM
544 861 722 918 AOGIPERE
742 862 971 918 SAPIENTEM.
988 908 992 917 .
1010 907 1015 918 .
1035 877 1044 896 ·

224 933 274 987 AD
293 931 478 987 NOUATUM
495 933 544 987 DE
564 933 627 988 IRA
646 934 744 988 LIBRI
762 933 809 989 III.

223 1005 274 1058 AD
292 1003 472 1059 MARCIAM.

223 1076 273 1129 AD
294 1075 512 1131 GALLIONEM-
527 1075 576 1130 DE
595 1075 684 1130 UITA
702 1076 833 1131 BEATA.

223 1146 274 1201 AD
296 1147 443 1203 lllllllll
464 1147 513 1201 DE
533 1146 652 1214 0T10.¹)

223 1219 273 1272 AD
286 1218 470 1279 SERENVM
488 1219 536 1272 DE
555 1217 878 1284 TRANQVILLITATE
896 1218 1012 1275 ANIMI.

223 1290 274 1344 AD
292 1289 487 1352 PAVLINVM
506 1289 554 1344 DII
573 1289 783 1345 BRIIUITATE
802 1291 914 1346 UITAE

223 1361 275 1415 AD
295 1361 493 1417 POLYBIVM.

223 1433 274 1487 AD
292 1432 459 1488 HELBIAM
478 1432 644 1487 MATREM.

117 1529 172 1589 sub
195 1530 242 1591 bis
264 1549 357 1590 manu
380 1532 492 1590 recenti
515 1531 684 1591 atramento
707 1531 827 1609 volgari
850 1531 954 1592 addita
975 1534 1058 1592 sunt:

325 1618 473 1679 'Eiusdem
495 1619 640 1696 epistolae
664 1620 703 1679 ad
725 1621 761 1680 B.
775 1620 911 1681 Paulum.
1024 1684 1026 1687 ,

330 1708 474 1768 Eiusdem
497 1709 692 1786 epitaphium.

117 1796 224 1857 deinde
241 1798 274 1857 in
292 1796 354 1856 ima
372 1798 485 1876 pagina
503 1816 594 1857 manu
610 1815 714 1857 rursus
728 1796 827 1874 prima
840 1797 949 1857 litteris
964 1796 1137 1858 rubricatis:

216 1887 329 1963 Incipit
351 1887 390 1946 ad
413 1886 559 1946 lucilium.
591 1884 711 1956 Quare
735 1885 838 1963 aliqua
860 1886 1050 1946 incommoda

264 1971 350 2036 bonis
373 1975 448 2036 uiris
472 1974 611 2035 accidant
632 1994 701 2034 cum
723 1975 915 2052 prouidentia
938 1977 985 2036 ait.

118 2085 282 2160 sequuntur
313 2083 345 2141 in
372 2082 453 2142 foliIs
481 2081 551 2141 inde
583 2101 602 2141 a
629 2081 758 2142 secundo
786 2085 868 2142 recto
900 2100 995 2159 usque
1028 2083 1067 2143 ad
1095 2084 1137 2143 85

116 2191 237 2232 versum
266 2167 421 2231 duodecim
452 2171 640 2250 dialogorum
672 2171 755 2249 libri,
787 2191 848 2230 non
880 2171 991 2250 integri
1022 2190 1138 2232 omnes:

116 2281 187 2321 nam
210 2259 241 2320 et
263 2263 295 2320 in
314 2260 413 2320 codice
433 2262 604 2338 archetypo,
628 2257 723 2339 equo
741 2261 771 2320 A
791 2261 955 2337 desculptus
974 2263 1028 2336 est,
1047 2280 1137 2336 quae-

117 2350 187 2410 dam
216 2352 278 2409 iam
307 2349 419 2427 perisse
449 2352 479 2408 et
504 2349 538 2408 in
564 2350 631 2427 ipso
654 2350 685 2408 A
711 2349 833 2409 initium
863 2349 1075 2409 consolationis
1099 2348 1139 2409 ad

116 2439 278 2516 Polybium
305 2438 434 2515 scriptae
461 2441 566 2515 postea
593 2439 735 2499 avulsum
762 2457 825 2499 esse
853 2441 957 2498 monui
979 2438 1040 2498 suis
1064 2438 1138 2498 locis

117 2530 148 2588 in
180 2529 394 2588 commentario
426 2520 494 2610 (cfr.
515 2548 545 2605 p.
566 2529 609 2587 48
622 2546 666 2605 sq.
691 2529 756 2587 230
768 2547 812 2605 sq.
832 2530 862 2587 et
884 2549 913 2604 p.
932 2520 1019 2610 310).
1061 2547 1138 2604 quae

118 2617 240 2696 quidem
263 2619 383 2678 servata
406 2619 501 2692 crant,
523 2635 585 2677 una
607 2617 720 2696 pagina
745 2620 869 2695 excepta
893 2609 1079 2698 (fol.12r.)‚
1102 2617 1139 2675 dc

117 2727 179 2784 qua
201 2706 283 2766 infra
301 2725 399 2785 agam,
422 2705 526 2766 eadem
544 2708 646 2766 omnia
665 2727 757 2766 manu.
775 2706 1011 2784 Langobardicis
1028 2705 1138 2765 litteris

117 2815 177 2856 non
200 2798 246 2855 ita
263 2796 360 2854 multo
378 2797 448 2873 post
466 2796 587 2871 saeculi,
609 2798 646 2856 ut
663 2795 791 2871 videtur,
809 2796 853 2854 XI
872 2794 993 2854 initium
1016 2798 1139 2853 exarata

118 2888 197 2946 sunt.
244 2902 427 2962 quamquam
450 2887 590 2944 accurate
613 2885 672 2944 dici
694 2904 755 2944 non
777 2887 890 2960 potest,
919 2903 977 2960 quo
1005 2887 1139 2959 tempore

117 2975 194 3035 liber
211 2975 341 3051 scriptus
360 2975 409 3050 sit,
432 2993 499 3032 cum
517 2973 788 3034 Montecasinenses
807 2992 861 3051 per
878 2974 998 3050 longius
1020 2974 1138 3048 tempus

76 3085 79 3091 ·
118 3064 230 3125 eisdem
252 3064 314 3123 fere
343 3063 513 3122 litterarum
543 3064 647 3122 formis
675 3081 745 3123 usos
773 3081 836 3122 esse
864 3063 993 3134 constet,
1021 3063 1052 3120 et
1073 3061 1139 3119 fieri

117 3155 231 3231 potest,
259 3155 296 3212 ut
325 3151 416 3212 codex
445 3152 564 3213 saeculo
595 3152 749 3228 antiquior
778 3153 827 3211 sit.
873 3152 962 3209 mitto
989 3150 1079 3209 Pauli
1109 3152 1140 3208 et

119 3243 249 3302 Senecae
280 3241 426 3318 epistulas
458 3244 489 3300 et
521 3242 580 3301 alia
612 3241 774 3317 quaedam,
806 3259 884 3316 quae
916 3241 949 3298 in
981 3239 1062 3299 folfis
1096 3240 1138 3297 86

118 3330 275 3409 usquead
300 3331 341 3390 88
366 3329 483 3390 adiecta
506 3332 589 3405 sunt,
615 3334 645 3389 et
667 3330 755 3389 redeo
779 3329 818 3387 ad
841 3347 907 3387 eam
931 3331 1048 3404 partem
1070 3327 1140 3387 libri

200 3520 232 3581 ι)
248 3518 280 3568 u
296 3533 401 3572 rasura
421 3520 528 3572 cenum
548 3520 591 3572 ese
609 3516 695 3571 uisse
714 3499 897 3574 sinubus.
