2438 3846
98 175 161 242 152
293 172 324 226 L.
338 170 482 225 ANNAEI
500 169 666 226 SENECAE
685 169 781 225 DIAL.
796 168 926 226 LIB.V1.

96 318 239 404 quidem,
269 340 336 384 non
365 323 474 383 tamen
502 318 599 382 hilari
626 317 733 382 fronte
760 315 883 400 texisti,
906 319 938 381 et
960 316 1040 381 haec
1063 315 1121 380 illo

59 410 237 491 asaeculo,
261 430 326 491 quo
351 430 468 493 magna
491 407 594 492 pietas
618 411 687 470 erat
708 406 792 471 nihi]
814 405 914 490 impie
937 405 1055 489 facere;
1084 409 1123 470 ut

95 519 171 563 vero
195 497 337 582 aliquem
361 497 562 562 occasionem
585 496 722 561 mutatio
745 499 930 581 temporum
951 495 1053 578 dedit,
1074 495 1122 559 iu-

96 589 227 673 genium
255 586 356 671 patris
386 587 448 670 tui,
478 586 518 650 de
546 607 610 668 quo
635 589 800 670 sumptum
823 588 893 649 erat
916 585 1122 669 supplicium,

96 678 130 741 in
152 697 248 740 usum
271 675 440 740 hominum
463 674 620 740 reduxisti
643 678 675 739 et
699 697 718 739 a
739 696 816 739 vera
838 674 932 739 illum
950 674 1122 739 vindicasti
1155 696 1168 736 e

95 769 199 831 morte
223 786 260 830 ac
283 765 454 830 restituisti
476 765 510 829 in
532 764 662 848 publica
680 767 888 829 monumenta
905 764 1020 847 libros,
1040 784 1122 848 quos

95 855 145 919 vir
177 855 232 919 ille
264 854 460 920 fortissimus
493 853 649 938 sanguine
682 874 740 918 suo
774 854 953 937 scripserat,
1001 853 1122 937 optime

95 943 242 1009 meruisti
269 943 308 1008 de
335 941 492 1009 Romanis
520 942 649 1008 studiis:
681 963 799 1028 magna
821 942 953 1008 illorum
975 964 1051 1026 pars
1075 965 1122 1006 ar-

96 1037 193 1117 serat3
225 1033 347 1117 optime
378 1033 416 1098 de
446 1033 598 1117 posteris,
628 1031 669 1096 ad
697 1054 778 1116 quos
802 1032 909 1097 veniet
936 1033 1124 1116 incorrupta

95 1145 202 1188 rerum
234 1122 314 1187 fides
347 1122 472 1187 auctori
500 1143 558 1186 suo
586 1142 705 1207 magno
729 1122 902 1205 imputate3
934 1122 1056 1206 optime
1083 1120 1123 1185 de
1143 1143 1170 1182 ιο

96 1212 181 1296 ipso,
215 1212 306 1276 cuius
338 1213 428 1297 viget
457 1211 642 1296 vigebitque
675 1211 843 1294 memoria,
876 1233 973 1294 quam
1004 1211 1060 1275 diu
1089 1210 1124 1274 in

96 1301 200 1386 pretio
233 1300 331 1365 fuerit
362 1298 510 1365 Romana
541 1300 709 1386 cognosci,
739 1321 836 1382 quam
866 1299 922 1363 diu
952 1298 1123 1383 quisquam

97 1391 170 1474 erit,
195 1391 251 1474 qui
271 1390 390 1455 reverti
408 1389 487 1454 velit
505 1389 546 1454 ad
564 1393 636 1455 acta
655 1389 827 1472 maiorum,
847 1410 944 1472 quam
963 1389 1019 1453 diu
1038 1389 1124 1472 quis·

97 1498 194 1563 quam
217 1480 274 1563 qui
297 1479 377 1544 volit
400 1481 495 1563 scire,
518 1479 597 1563 quid
620 1479 663 1544 sit
685 1479 736 1543 vir
754 1477 934 1562 Romanus,
954 1476 1032 1562 quid
1051 1477 1125 1568 sub-

96 1570 177 1633 actis
199 1569 265 1635 iam
288 1569 465 1634 cervicibus
489 1569 635 1633 omnium
658 1568 754 1633 etad
777 1565 984 1633 Seianianum
1011 1568 1125 1653 iugum
1144 1588 1170 1629 rs

97 1658 218 1723 adactis
237 1658 428 1742 indomitus,
448 1658 527 1743 quid
546 1659 589 1724 sit
605 1658 704 1723 homo
724 1658 868 1743 ingenio,
888 1657 1011 1740 auimo,
1026 1678 1126 1723 manu

61 1747 186 1813 aliber.
240 1769 394 1834 magnum
421 1770 472 1813 me
499 1748 646 1814 hercules
670 1747 898 1812 detrimentum
920 1769 971 1812 res
995 1747 1126 1830 publica

97 1840 234 1921 ceperat,
254 1837 281 1902 si
300 1837 393 1902 illum
413 1836 455 1901 ob
472 1837 551 1903 duas
565 1860 616 1903 res
631 1836 865 1922 pulcherrimas
880 1837 915 1901 in
929 1836 1126 1902 oblivionem

97 1927 292 2010 coniectum,
325 1927 543 2011 eloquentium
575 1929 608 1992 et
638 1926 835 2010 libertatem,
871 1948 939 1992 non
975 1927 1126 1991 eruisses:

95 2016 230 2101 legitur,
253 2016 361 2099 floret,
385 2017 419 2081 in
440 2039 554 2081 manus
572 2017 756 2100 hominum,
775 2015 810 2079 in
826 2019 959 2099 pectora
977 2018 1126 2099 receptus
1145 2034 1172 2074 ae

97 2108 290 2171 vetustatem
321 2106 446 2173 nullam
478 2106 585 2189 timet3
618 2109 650 2170 at
682 2106 814 2170 illorum
847 2105 1035 2170 carnificum
1060 2105 1126 2170 cito

98 2195 219 2259 scelera
255 2216 398 2279 quoque,
437 2195 553 2279 quibus
591 2194 670 2259 solis
706 2194 895 2260 memoriam
931 2198 1127 2277 meruerunt,

61 2283 296 2348 stacebuntur.
343 2285 422 2350 haec
451 2282 641 2370 magnitudo
672 2279 772 2348 animi
802 2283 851 2348 tui
880 2285 984 2349 vetuit
1011 2296 1063 2348 me
1086 2283 1127 2348 ad

98 2395 210 2438 sexum
241 2377 335 2438 tuum
366 2374 538 2459 respicere,
570 2373 674 2438 vetuit
706 2371 747 2437 ad
779 2374 918 2457 voltum,
950 2395 1047 2458 quem
1077 2376 1128 2437 tot

98 2484 256 2527 annorum
289 2463 443 2528 continua
474 2463 620 2546 tristitia,
653 2465 690 2526 ut
720 2463 818 2528 semel
849 2462 998 2546 obduxit,
1030 2465 1172 2528 tenetes

98 2555 131 2617 et
161 2551 248 2635 vide,
281 2574 378 2636 quam
406 2574 474 2618 non
504 2552 676 2637 subrepam
706 2551 767 2617 tibi
793 2554 999 2618 nonfurtum
1023 2552 1127 2618 facere

98 2641 265 2706 affectibus
297 2642 363 2706 tuis
396 2643 549 2727 cogitem:
588 2642 722 2724 antique
753 2641 840 2706 maia
871 2643 907 2706 in
937 2642 1128 2707 memoriam

98 2730 211 2796 reduxi
241 2734 286 2812 et,
316 2733 353 2796 ut
380 2732 478 2796 scires
505 2732 589 2795 hanc
615 2751 744 2814 quoque
768 2731 899 2816 plagam
922 2753 991 2796 esse
1015 2752 1128 2796 sanan·

99 2818 187 2902 dam,
219 2818 346 2884 ostendi
377 2820 437 2885 tibi
472 2841 572 2904 aeque
609 2821 720 2906 magni
756 2819 898 2885 vulneris
936 2820 1126 2886 cicatricem.

189 3045 207 3099 1
228 3045 341 3118 frontes)
363 3049 443 3116 (eras.
463 3050 502 3117 m)
521 3048 550 3102 A.
578 3046 582 3119 Ι
608 3047 662 3118 hec
683 3046 748 3102 AF
769 3045 825 3100 hoc
846 3045 917 3117 uolo.
941 3046 952 3118 11
975 3045 994 3101 8
1017 3050 1128 3102 mutato

99 3118 227 3186 tempore
251 3117 320 3184 AF,
348 3118 420 3186 quod
444 3119 486 3173 ita
511 3119 575 3186 fort.
599 3118 712 3185 defendi
732 3123 836 3186 potest,
860 3123 893 3172 ut
916 3119 1067 3176 abactum
1092 3120 1130 3172 eit

100 3185 245 3242 saeculum
264 3186 438 3258 (Schulteee);
457 3206 504 3244 ma
528 3190 533 3203 '
560 3189 655 3259 placet
667 3187 740 3259 qood
752 3188 831 3258 volpe
844 3187 988 3244 sentitur:
1006 3190 1128 3244 mutatio

100 3260 259 3327 temporum
283 3260 475 3330 (temporius)
500 3259 504 3334 Ι
534 3259 553 3314 6
576 3275 611 3315 ac
633 3261 665 3315 io
686 3261 742 3329 fiac
764 3275 858 3316 cauce
879 3258 945 3314 add.
960 3260 1003 3316 A⁶
1020 3261 1130 3316 duabw

101 3331 199 3387 litteris
217 3332 317 3400 casis,
335 3348 405 3402 prece
423 3333 505 3389 tuitio
524 3348 576 3402 seq.
595 3348 688 3388 cosas
706 3348 769 3388 cum
791 3330 944 3387 restituisti
967 3334 1129 3388 coniunctae

100 3402 228 3472 faama,
245 3405 301 3459 sive
320 3419 354 3458 ac
372 3407 428 3461 eice
446 3404 470 3460 tc
487 3405 539 3460 hoe
557 3405 672 3472 fueruat
695 3403 699 3476 t
716 3402 752 3458 20
770 3400 853 3459 floret
871 3403 902 3458 F
916 3410 944 3461 et
960 3404 1029 3476 voto.
1050 3403 1127 3474 florej

98 3476 128 3530 A
142 3475 158 3547 j)
174 3473 211 3530 28
228 3473 399 3532 tacebuntur
417 3490 434 3532 s·
454 3475 592 3532 tacebunt
605 3478 642 3544 A,
661 3493 711 3533 cr.
727 3475 805 3545 epist.
818 3480 892 3544 21,4
909 3475 920 3548 ΙΙ
937 3475 974 3532 28
991 3479 1025 3531 ut
1043 3476 1129 3533 scires

82 3544 230 3601 Schultess
248 3547 295 3602 uis
312 3549 388 3606 scire
401 3552 430 3606 Α
448 3549 461 3624 Η
478 3548 514 3606 29
533 3563 606 3623 aque
621 3549 649 3604 A
