2438 3846
102 145 165 212 182
296 142 327 196 L.
342 141 485 197 ANNAEI
503 141 669 199 SENECAE
688 143 784 199 DIAL.
798 143 866 198 LlB.
879 143 925 199 VL

99 292 234 355 nonest
252 290 424 354 molestum
455 287 587 372 servire,
616 288 687 371 ubi,
717 288 744 353 si
777 288 912 354 dominii
942 293 1126 373 pertaesum

100 383 162 463 est,
185 379 261 444 lieet
283 400 349 444 uno
375 378 477 464 gradu
502 377 541 442 ad
563 377 746 443 libertatem
769 379 914 444 transire.
953 399 1060 444 caram
1083 384 1127 464 te,

99 468 180 552 vita,
204 468 359 534 beneficio
383 467 496 533 mortis
520 467 637 532 habeo!
979 479 989 536 ’.

64 574 81 622 4
190 555 306 642 Cogita
320 560 477 641 quantum
490 555 569 622 boni
582 561 766 641 opportuna
780 578 867 622 mors
880 557 1012 640 habeat„
1027 579 1125 642 quam

100 645 211 711 multis
235 645 356 711 diutine
379 645 498 711 vixisse
516 646 672 711 nocuerit.
710 646 738 711 si
757 643 902 711 Gnaeum
923 645 1127 731 Pompeium,
1158 667 1177 709 a·

101 735 197 802 deous
221 735 308 800 istud
326 736 630 820 firmamentumque
651 735 792 820 imperii,
813 734 955 820 Neapoli
972 737 1125 802 valetudo

101 825 301 908 abstulisset,
324 824 526 890 indubitatus
549 824 663 910 populi
681 823 822 890 Romani
845 826 995 911 princeps
1019 847 1127 891 exces-

101 918 198 981 serat:
226 917 260 979 at
287 937 374 980 nune
401 913 510 1000 exigui
537 913 692 997 temporis
716 914 853 980 adiectio
875 914 1007 1001 fastigio
1031 914 1125 980 illum
1185 940 1188 944 “

100 1026 159 1070 suo
183 1003 316 1089 depulit.
353 1004 435 1069 vidit
456 1003 601 1089 legiones
624 1004 659 1068 in
682 1007 858 1088 conspeetu
882 1025 941 1069 suo
966 1026 1074 1080 eaesae
1093 1009 1127 1070 et

100 1116 140 1159 ex
158 1093 216 1159 illo
230 1093 368 1178 proelio,
386 1093 422 1157 in
435 1114 499 1178 quo
514 1093 618 1178 prima
633 1092 717 1158 acies
732 1097 863 1159 senatus
876 1093 955 1177 fuit,
968 1131 1012 1140 -
1027 1116 1125 1178 quam
1144 1115 1171 1154 re

100 1182 244 1249 infelices
272 1182 427 1267 reliquiae
455 1183 543 1247 euntl
564 1219 606 1229 —
625 1182 733 1266 ipsum
761 1182 988 1268 imperatorem
1017 1205 1126 1268 euper-

100 1273 213 1356 fuiese;
248 1271 331 1336 vidit
365 1270 564 1358 Aegyptium
597 1271 780 1338 carnificem
817 1276 851 1337 et
884 1275 1126 1338 sacrosanctum

99 1361 277 1428 viatoribus
301 1383 418 1446 eorpus
440 1361 573 1426 satolliti
590 1360 767 1446 praestitit,
789 1361 886 1427 etiam
907 1362 934 1426 si
953 1362 1126 1427 ineolumie

99 1451 227 1536 fuisset,
245 1450 476 1536 paenitentiam
491 1451 605 1516 salutis
619 1454 763 1516 aeturus:
784 1451 863 1536 quid
876 1451 963 1516 enim
977 1455 1046 1516 erat
1059 1455 1127 1516 tur·

64 1557 81 1607 5
101 1542 173 1628 pius
193 1563 291 1626 quam
308 1539 500 1625 Pompeium
518 1540 626 1605 vivere
645 1540 802 1607 beneficio
816 1539 924 1626 regie?
955 1540 998 1606 M.
1014 1538 1125 1606 Cicero
1145 1559 1171 1601 rs

101 1633 129 1696 ei
155 1631 212 1696 illo
240 1633 401 1715 tempore,
430 1652 494 1714 quo
519 1627 675 1695 Catilinae
703 1629 785 1696 sioas
809 1630 979 1714 devitavit,
1007 1630 1126 1714 quibus

100 1720 222 1806 paritor
244 1741 317 1785 eum
341 1719 447 1804 patria
468 1718 590 1803 petitus
614 1723 676 1803 est,
705 1719 912 1804 conoidisset,
938 1721 968 1784 el
989 1719 1126 1785 liberata

99 1832 134 1876 re
161 1809 292 1895 publiea
320 1813 465 1875 servator
492 1809 574 1892 eius,
602 1809 630 1873 si
657 1809 795 1895 denique
818 1809 904 1873 filiae
928 1831 1004 1875 suae
1027 1808 1125 1875 funus

101 1901 230 1965 secutus
249 1902 348 1983 esset,
366 1899 544 1964 etiamtunc
562 1899 641 1964 felix
659 1899 743 1964 mori
761 1899 885 1985 potuit:
907 1920 975 1964 non
992 1898 1127 1965 vidisset

101 1986 230 2055 striotos
253 1988 289 2053 in
312 1988 419 2053 eivilia
442 1989 549 2073 oapita
573 2008 741 2054 mucrones
758 2009 820 2054 neo
838 1987 941 2053 divisa
959 2009 1126 2072 pereusso-
1144 2007 1172 2049 aa

100 2078 189 2144 ribus
217 2077 397 2144 eooisorum
421 2078 519 2161 bona,
547 2080 584 2142 ul
606 2078 705 2143 etiam
728 2077 768 2144 de
791 2099 850 2143 suo
874 2079 1029 2162 perirent,
1058 2098 1127 2143 non

100 2169 227 2233 hastam
251 2167 432 2233 eonsrrlaria
455 2166 560 2252 spolia
582 2167 774 2233 vendentem
792 2189 853 2233 neo
872 2167 984 2233 eaedes
1002 2167 1126 2232 looatas

101 2257 231 2343 publioe
259 2278 320 2323 neo
345 2256 529 2341 latrocinia,
558 2256 658 2341 bella,
686 2257 829 2342 rapinas,
859 2259 987 2322 tantum
1017 2251 1127 2322 catin-

66 2363 224 2413 enarum.
270 2345 312 2412 M.
337 2344 492 2413 Catonem
520 2346 548 2412 si
575 2369 595 2411 a
618 2344 724 2432 Cypro
753 2350 786 2411 et
808 2346 995 2412 hereditatis
1018 2346 1126 2432 regiae

101 2436 340 2522 dispensatione
367 2437 555 2502 redeunten1
578 2458 666 2501 mare
690 2436 875 2502 devorasset
897 2437 948 2502 vel
971 2457 1045 2501 eum
1069 2436 1127 2501 illa
1145 2454 1172 2494 π

189 2593 208 2648 1
227 2592 343 2649 dominu
356 2595 385 2649 A
403 2610 472 2650 corr.
486 2593 597 2650 Grmwo
614 2593 625 2642 ΙΙ
643 2593 661 2647 5
680 2591 789 2647 Gneum
802 2595 831 2649 A
849 2592 905 2664 (Gn
922 2595 954 2658 ia
969 2610 1025 2649 roa.
1036 2594 1126 2663 pardo

101 2666 204 2722 maiore
212 2665 265 2735 A⁸)
278 2664 290 2738 ll
302 2665 321 2719 u
334 2665 594 2734 firmamentumque
608 2656 717 2734 imperil
729 2664 772 2720 A*
785 2666 818 2719 iu
830 2682 886 2720 rae.
897 2667 986 2735 paulo
999 2667 1103 2720 maiore
1120 2665 1123 2736 l

102 2752 156 2792 nea
177 2735 217 2791 oli
235 2738 301 2807 (nea
318 2738 351 2791 ia
366 2754 422 2792 raa.
437 2755 473 2792 m.
487 2738 516 2805 2)
530 2738 559 2792 A
576 2736 587 2809 ll
604 2735 622 2791 8
641 2737 672 2790 at
690 2736 751 2792 tolli
768 2736 843 2791 iubet
857 2735 940 2792 Gertz
957 2736 968 2809 ll
985 2735 1020 2790 lo
1039 2751 1126 2804 quam

101 2807 148 2863 inf
175 2807 262 2863 'eees
280 2815 306 2864 et
318 2809 362 2864 ool
382 2823 458 2880 .que
471 2806 594 2863 infelicis
607 2808 636 2862 A
654 2806 664 2879 ll
682 2806 716 2861 11
736 2806 884 2876 reliquiae!
912 2823 1000 2861 unum
1015 2809 1127 2876 empsit

104 2878 187 2936 Gesta
210 2877 222 2952 ΙΙ
245 2877 281 2934 la
304 2881 365 2935 sate
390 2879 423 2934 'ti
448 2880 518 2949 vulp.
544 2878 672 2933 satietati
689 2879 755 2934 AF
776 2877 911 2934 arietanti
932 2879 1093 2949 Petscheniq
1116 2879 1127 2951 ll

101 2950 136 3006 ll
161 2950 186 3006 si
208 2950 272 3007 odd.
294 2950 446 3018 Satelles&
469 2951 565 3005 malim
587 2950 645 3018 fere
670 2949 695 3004 si
717 2948 896 3005 occubuisset
917 2950 978 3005 aaa.
997 2949 1099 3006 adduae
1116 2959 1128 3014 ΙΙ

101 3021 138 3078 18
156 3024 282 3077 servator
299 3023 413 3079 Fickert
434 3022 530 3076 seruat
550 3022 579 3076 A
601 3019 611 3092 ll
634 3020 670 3076 21
691 3021 800 3076 utiam
819 3037 915 3076 omnes
934 3020 1009 3075 diem
1027 3037 1126 3090 eupre-

101 3110 180 3148 mum
198 3093 396 3163 opperirentur
413 3093 572 3148 metamor
589 3093 660 3148 roal.
676 3091 784 3148 Gemoll
801 3091 812 3164 ΙΙ
828 3091 865 3146 22
878 3091 991 3146 hastam
1006 3107 1023 3150 ς
1041 3091 1126 3146 hasta

102 3166 130 3221 A
151 3163 155 3236 l
175 3180 228 3220 neo
247 3163 348 3219 oaedee
366 3163 475 3218 looatas
493 3161 607 3232 publiea
625 3179 678 3218 nee
695 3162 846 3218 latrocinia
861 3162 957 3230 Gertz,
975 3169 1001 3218 et
1013 3164 1055 3218 ltu
1067 3164 1126 3217 lom

103 3236 267 3308 Modoipiue
291 3240 459 3303 caruerat,
484 3235 543 3290 uisi
603 3235 639 3290 od
662 3236 688 3290 ia
712 3235 830 3291 ultonem
857 3250 910 3288 neo
934 3235 1047 3290 euaulll
1074 3250 1126 3289 nee

103 3307 194 3381 cedes.
232 3323 284 3363 neo
311 3306 406 3362 locata
433 3305 547 3377 publice
586 3306 726 3362 atrooinia
747 3308 792 3375 A;
820 3307 955 3362 motionis
981 3312 1126 3376 comptae

102 3381 247 3451 antiquom
268 3381 341 3436 uam
359 3381 445 3448 falsae
461 3380 580 3448 smmum
598 3381 756 3450 euepleotser
774 3379 924 3436 Schultess:
948 3393 1000 3434 neo
1024 3379 1125 3434 caedes

103 3468 186 3507 neoee
211 3452 319 3508 loeatas
344 3451 471 3522 publice,
494 3452 645 3508 latrocinia
663 3451 791 3520 Antonii¹
815 3449 981 3507 Dolabellae
999 3451 1125 3520 rapinae,

90 3524 206 3575 tantum
228 3522 426 3582 Catilinarum.
