2438 3846
123 136 173 190 AD
192 133 386 193 Plvnmvm
403 132 453 188 DE
471 131 680 189 BREVITATE
694 131 806 188 VITAE
826 131 902 189 GAP.
919 138 959 189 18.
976 138 1009 189 19
1051 136 1114 203 307

99 279 237 366 pressit?
284 279 392 366 cogita
422 281 598 363 praeterea,
630 280 786 362 quantum
819 277 1044 344 sollicitudinis
1076 279 1151 346 site

100 371 140 435 ad
162 373 286 435 tantam
309 374 341 434 te
364 368 483 434 molem
507 366 646 433 obicere:
670 388 743 433 cum
765 370 876 433 ventre
898 367 958 431 tibi
976 368 1117 434 humano

99 459 266 546 negotium
289 461 351 543 est3
372 479 432 523 nec
454 457 612 522 rationem
634 456 757 542 patitur
777 477 838 522 nec
856 457 1016 540 aequitate
1034 459 1118 523 miti·

100 553 195 635 gatur
217 568 276 613 nec
298 548 366 612 ulla
388 568 481 632 prece
504 547 645 611 flectitur
667 547 807 631 populus
831 547 980 612 esuriens.
1021 547 1118 614 modo

68 637 197 702 smodo
227 637 312 700 intra
340 655 461 719 paucos
491 635 565 701 illos
591 635 673 719 dies,
702 634 818 719 quibus
842 633 875 699 Ο.
890 634 1006 702 Caesar
1027 639 1120 721 perit,

100 728 129 792 si
152 725 223 810 quis
247 725 357 792 inferis
381 745 492 790 sensus
515 727 578 806 est,
599 723 663 789 hoc
685 724 874 810 gravissime
891 724 1011 808 ferens,
1033 724 1120 809 quod

101 814 222 881 sciebat
240 815 362 900 populo
377 811 523 879 Romano
543 812 709 898 superstiti
726 817 850 899 septem
869 816 926 878 aut
944 818 1017 879 octo
1036 817 1120 879 certe

101 903 225 969 dierum
263 902 382 968 cibaria
417 923 596 988 superesse,
633 902 710 967 dum
745 903 801 967 ille
837 905 951 986 pontes
984 903 1121 968 naribus

101 993 208 1079 iungit
227 997 259 1057 et
276 991 399 1058 viribus
417 991 534 1075 imperi
550 991 646 1075 ludit,
666 990 775 1056 aderat
792 991 944 1058 ultimum
962 993 1121 1056 malorum

55 1107 83 1147 ro
100 1081 240 1147 obsessis
264 1102 408 1166 quoque,
430 1081 656 1148 alimentorum
680 1083 820 1166 egestam
842 1080 940 1147 exitio
962 1101 1064 1164 paene
1085 1102 1122 1147 ao

100 1171 185 1236 fame
209 1169 355 1236 constitit
373 1174 418 1253 et,
438 1191 519 1254 quae
537 1169 655 1235 famem
675 1168 833 1253 sequitur,
850 1189 957 1234 rerum
976 1170 1122 1234 omnium

100 1260 194 1325 ruina
216 1258 331 1324 furiosi
354 1263 386 1324 et
409 1259 532 1323 externi
555 1262 588 1323 et
609 1257 932 1344 infelicitersuperbi
948 1258 1034 1344 regis
1052 1259 1122 1323 imi·

101 1348 190 1414 tatio.
236 1369 332 1432 quem
354 1351 433 1414 tunc
456 1349 599 1412 animum
621 1347 803 1413 habuerunt
825 1346 888 1431 illi,
915 1347 1031 1432 quibus
1055 1351 1157 1414 erate

101 1437 252 1503 mandata
283 1437 437 1502 frumenti
468 1436 591 1521 publici
623 1459 711 1521 cura,
742 1457 832 1521 saxa,
860 1436 994 1520 ferrum,
1021 1438 1122 1523 ignes,

57 1548 84 1590 rs
103 1524 218 1592 Gaium
242 1524 428 1610 excepturi?
464 1546 591 1590 summa
613 1524 868 1592 dissimulatione
890 1530 1016 1592 tantum
1039 1525 1124 1591 inter

102 1616 225 1681 uiscera
256 1615 387 1680 latentis
419 1615 497 1679 mali
528 1613 694 1700 tegebant,
726 1636 800 1680 curn
832 1615 955 1680 ratione
988 1614 1123 1698 scilicet3

103 1705 259 1788 quaedam
282 1704 367 1768 enim
391 1703 615 1790 ignorantibus
634 1704 738 1790 aegris
757 1704 898 1769 curanda
916 1706 1004 1769 sunt:
1028 1725 1124 1768 causa

103 1794 213 1859 multis
237 1793 395 1857 moriendi
417 1793 481 1857 fuit
503 1792 652 1858 morbum
675 1815 770 1859 suum
792 1813 895 1858 nosse.

192 1898 277 1964 XIX.
318 1898 437 1984 Recipe
469 1903 501 1964 te
534 1899 574 1964 ad
605 1898 686 1965 haec
721 1899 957 1984 tranquilliora,
993 1900 1156 1983 tutiora,1

58 2013 84 2053 ro
103 1989 238 2053 maiora!
289 1989 394 2053 simile
426 1991 462 2051 tu
494 1992 589 2073 putas
622 2010 703 2073 esse,
735 1992 844 2053 utrum
877 2009 982 2072 cures,
1010 1993 1047 2053 ut
1076 1989 1123 2054 in·

103 2081 290 2161 corruptum
321 2080 354 2142 et
383 2098 402 2141 a
430 2076 542 2141 fraude
572 2077 797 2143 advehentium
825 2080 857 2142 et
879 2099 899 2141 a
920 2079 1124 2165 neglegentia

102 2166 300 2230 frumentum
319 2165 562 2230 transfundatur
580 2167 615 2230 in
632 2167 760 2251 horrea,
774 2188 818 2251 ¹ne
837 2171 992 2251 concepto
1011 2165 1123 2232 umore

103 2254 236 2320 vitietur
272 2258 304 2320 et
336 2256 548 2338 concalescat,
580 2259 618 2319 ut
649 2255 691 2320 ad
722 2276 904 2320 mensuram
933 2255 1123 2341 pondusque

103 2344 309 2427 respondeat,
338 2366 380 2407 an
406 2342 549 2408 adhaec
572 2364 662 2409 sacra
676 2347 717 2408 >et
740 2343 889 2409 sublimia
911 2345 1041 2410 accedas
1065 2346 1124 2410 sci-

59 2455 86 2496 as
104 2437 211 2516 turus,
239 2454 320 2516 quae
343 2432 478 2497 materia
500 2432 543 2497 sit
566 2432 631 2516 dei,
656 2453 737 2516 quae
759 2433 922 2516 voluptas,
946 2454 1027 2516 quae
1050 2455 1124 2499 con·

106 2520 206 2605 dicio,
229 2542 310 2605 quae
334 2520 452 2606 forma3
471 2521 547 2608 'quis
571 2521 714 2587 animum
737 2524 829 2586 tuum
854 2543 945 2587 casus
964 2526 1124 2607 expectet3

106 2610 163 2674 ubi
184 2631 244 2675 nos
268 2633 287 2674 a
310 2610 498 2694 corporibus
522 2609 670 2676 dimissos
693 2614 809 2676 natura
831 2616 1016 2697 componat3
1047 2611 1125 2695 quid

195 2786 211 2839 1
232 2786 270 2839 sit
288 2785 326 2839 ad
343 2787 427 2841 tanti
443 2787 473 2841 te
491 2785 565 2839 mole
585 2784 695 2842 obicere
713 2786 755 2841 Α8
776 2793 809 2842 nt
825 2786 894 2858 oolp.
914 2787 1005 2843 editor
1027 2787 1065 2842 sit
1087 2786 1124 2841 ad

107 2859 215 2926 quanta
233 2859 313 2910 tante
331 2874 377 2911 mo
397 2898 513 2912 ......
533 2857 575 2911 A¹
592 2863 625 2914 nt
641 2858 696 2914 vid.
721 2857 732 2930 Η
757 2857 775 2912 t
796 2857 872 2929 perit
893 2859 925 2914 in
947 2858 1033 2929 periit
1055 2874 1123 2914 corr.

106 2927 149 2983 Α1
172 2927 182 3000 Η
206 2926 225 2981 d
247 2928 411 2997 gravissime
430 2927 556 2984 Ενοιθτη.1
574 2928 733 2999 gratissime
747 2929 775 2985 A
800 2929 804 3002 t
830 2929 906 2998 quod
928 2928 1037 2984 sciebat
1058 2946 1123 2999 pop.

106 2998 187 3052 Rom.
208 2999 354 3069 superstiti
378 3002 491 3067 scripsi,
516 3007 548 3055 nt
569 3002 638 3055 coni.
660 3002 771 3072 Stangl,
793 3003 842 3069 qni
864 3007 955 3056 tannen
973 3001 1125 3071 superstite

106 3071 204 3125 retinet
221 3070 297 3139 quod
316 3070 444 3142 dicebat!
459 3071 497 3126 .Ρ.
508 3071 541 3126 It.
556 3087 640 3141 super
658 3072 724 3141 stite
738 3073 766 3127 A
785 3070 860 3139 quod
879 3089 906 3141 p.
916 3072 949 3127 R.
965 3072 1125 3143 superstite,

107 3140 241 3196 dicebant
255 3142 375 3213 Madvig
398 3142 473 3212 qnod
493 3141 626 3196 dicebant
644 3161 671 3213 p.
686 3143 718 3196 R..
734 3144 880 3212 superstiti
900 3143 981 3200 Gertz
1005 3143 1016 3216 ΙΙ
1039 3142 1074 3198 12
1097 3145 1127 3199 et

107 3218 171 3267 ante
185 3213 293 3268 externi
307 3213 357 3267 del.
374 3214 455 3270 Gens
470 3214 533 3280 sort.
548 3221 618 3268 recte
637 3213 640 3286 l
657 3213 693 3269 14
706 3215 772 3284 igne
787 3215 898 3284 sgaium
912 3215 1070 3284 excepturis
1084 3214 1126 3270 A¹

107 3299 174 3337 corr.
195 3283 252 3368 4²5
273 3285 520 3352 interpunctionem
538 3302 577 3338 em
633 3288 692 3341 avit
711 3286 792 3387 Gertz¹
811 3291 896 3340 curu?
924 3301 993 3388 gara
1011 3329 1016 3341 .
1033 3328 1038 3340 .
1054 3329 1060 3342 .
1079 3301 1125 3340 ex·

107 3355 345 3496 {tentent
361 3354 517 3482 {letti
533 3357 922 3501 interessentes
946 3356 1125 3497 biblii

107 3496 269 3552 uoluntass
286 3498 296 3570 Π
313 3496 348 3553 27
369 3513 386 3550 a
404 3516 424 3554 s.
440 3516 464 3555 o.
479 3497 543 3555 add.
556 3497 599 3554 Αι

877 3602 935 3656 *ib*
