<?xml version="1.0" encoding="UTF-8"?>
<!DOCTYPE html PUBLIC "-//W3C//DTD XHTML 1.0 Transitional//EN"
    "http://www.w3.org/TR/xhtml1/DTD/xhtml1-transitional.dtd">
<html xmlns="http://www.w3.org/1999/xhtml" xml:lang="en" lang="en">
 <head>
  <title>
</title>
<meta http-equiv="Content-Type" content="text/html;charset=utf-8" />
  <meta name='ocr-system' content='tesseract 3.04.00' />
  <meta name='ocr-capabilities' content='ocr_page ocr_carea ocr_par ocr_line ocrx_word'/>
</head>
<body>
  <div class='ocr_page' id='page_1' title='image "./lannaeisenecaeo02senegoog_0016.png"; bbox 0 0 2438 3846; ppageno 0'>
   <div class='ocr_carea' id='block_1_1' title="bbox 111 147 732 202">
    <p class='ocr_par' dir='ltr' id='par_1_1' title="bbox 111 147 732 202">
     <span class='ocr_line' id='line_1_1' title="bbox 111 147 732 202; baseline 0 0"><span class='ocrx_word' id='word_1_1' title='bbox 111 148 137 202; x_wconf 88' lang='lat' dir='ltr'>X</span> <span class='ocrx_word' id='word_1_2' title='bbox 522 147 732 202; x_wconf 77' lang='lat' dir='ltr'><strong>PRAEFATIO</strong></span> 
     </span>
    </p>
   </div>
   <div class='ocr_carea' id='block_1_2' title="bbox 110 297 1179 1449">
    <p class='ocr_par' dir='ltr' id='par_1_2' title="bbox 110 297 1179 1449">
     <span class='ocr_line' id='line_1_2' title="bbox 111 297 1140 377; baseline 0.002 -18"><span class='ocrx_word' id='word_1_3' title='bbox 111 298 247 376; x_wconf 86' lang='lat' dir='ltr'>potuisse</span> <span class='ocrx_word' id='word_1_4' title='bbox 277 298 351 376; x_wconf 91' lang='lat' dir='ltr'>quin</span> <span class='ocrx_word' id='word_1_5' title='bbox 380 297 442 359; x_wconf 86' lang='lat' dir='ltr'>suis</span> <span class='ocrx_word' id='word_1_6' title='bbox 473 316 593 376; x_wconf 90' lang='lat' dir='ltr'>quoque</span> <span class='ocrx_word' id='word_1_7' title='bbox 622 298 801 359; x_wconf 86' lang='lat' dir='ltr'>coniecturis</span> <span class='ocrx_word' id='word_1_8' title='bbox 831 301 886 358; x_wconf 86' lang='lat' dir='ltr'>aut</span> <span class='ocrx_word' id='word_1_9' title='bbox 911 298 1015 376; x_wconf 79' lang='lat' dir='ltr'>pravis</span> <span class='ocrx_word' id='word_1_10' title='bbox 1044 302 1140 377; x_wconf 85' lang='lat' dir='ltr'>pessi·</span> 
     </span>
     <span class='ocr_line' id='line_1_3' title="bbox 111 387 1142 466; baseline 0.002 -18"><span class='ocrx_word' id='word_1_11' title='bbox 111 407 229 448; x_wconf 91' lang='lat' dir='ltr'>morum</span> <span class='ocrx_word' id='word_1_12' title='bbox 253 387 389 448; x_wconf 90' lang='lat' dir='ltr'>codicum</span> <span class='ocrx_word' id='word_1_13' title='bbox 411 387 591 448; x_wconf 87' lang='lat' dir='ltr'>lectionibus</span> <span class='ocrx_word' id='word_1_14' title='bbox 614 389 747 466; x_wconf 85' lang='lat' dir='ltr'>genuina</span> <span class='ocrx_word' id='word_1_15' title='bbox 764 387 857 449; x_wconf 84' lang='lat' dir='ltr'>verba</span> <span class='ocrx_word' id='word_1_16' title='bbox 873 389 1059 466; x_wconf 71' lang='lat' dir='ltr'><strong>inquinaret,</strong></span> <span class='ocrx_word' id='word_1_17' title='bbox 1076 390 1142 450; x_wconf 84' lang='lat' dir='ltr'>iam</span> 
     </span>
     <span class='ocr_line' id='line_1_4' title="bbox 110 470 1141 559; baseline 0.002 -23"><span class='ocrx_word' id='word_1_18' title='bbox 110 496 172 537; x_wconf 92' lang='lat' dir='ltr'>non</span> <span class='ocrx_word' id='word_1_19' title='bbox 190 477 348 538; x_wconf 71' lang='lat' dir='ltr'>miraberis</span> <span class='ocrx_word' id='word_1_20' title='bbox 367 470 592 559; x_wconf 9' lang='lat' dir='ltr'>(cfr.rp.11,1;</span> <span class='ocrx_word' id='word_1_21' title='bbox 612 479 732 554; x_wconf 86' lang='lat'><strong>15‚10;</strong></span> <span class='ocrx_word' id='word_1_22' title='bbox 752 479 998 555; x_wconf 79' lang='lat'>78,17.18,20;</span> <span class='ocrx_word' id='word_1_23' title='bbox 1018 479 1141 556; x_wconf 79' lang='lat'>82,18;</span> 
     </span>
     <span class='ocr_line' id='line_1_5' title="bbox 113 564 1179 650; baseline 0.001 -23"><span class='ocrx_word' id='word_1_24' title='bbox 113 568 351 650; x_wconf 20' lang='lat'>84,2;,105,4;</span> <span class='ocrx_word' id='word_1_25' title='bbox 370 564 522 646; x_wconf 86' lang='grc'><strong>207,18).</strong></span> <span class='ocrx_word' id='word_1_26' title='bbox 568 569 792 644; x_wconf 88' lang='lat' dir='ltr'>peropportune</span> <span class='ocrx_word' id='word_1_27' title='bbox 814 585 887 628; x_wconf 77' lang='lat' dir='ltr'>vero</span> <span class='ocrx_word' id='word_1_28' title='bbox 910 567 1033 644; x_wconf 88' lang='lat' dir='ltr'>accidit,</span> <span class='ocrx_word' id='word_1_29' title='bbox 1057 569 1142 645; x_wconf 89' lang='lat' dir='ltr'>quod</span> <span class='ocrx_word' id='word_1_30' title='bbox 1173 639 1179 649; x_wconf 33' lang='lat'>¹</span> 
     </span>
     <span class='ocr_line' id='line_1_6' title="bbox 110 655 1142 734; baseline 0.001 -17"><span class='ocrx_word' id='word_1_31' title='bbox 110 657 216 717; x_wconf 84' lang='lat' dir='ltr'>multis</span> <span class='ocrx_word' id='word_1_32' title='bbox 239 655 314 716; x_wconf 89' lang='lat' dir='ltr'>locis</span> <span class='ocrx_word' id='word_1_33' title='bbox 336 657 369 715; x_wconf 91' lang='lat' dir='ltr'>in</span> <span class='ocrx_word' id='word_1_34' title='bbox 392 656 557 716; x_wconf 87' lang='lat' dir='ltr'>maioribus</span> <span class='ocrx_word' id='word_1_35' title='bbox 580 656 694 717; x_wconf 87' lang='lat' dir='ltr'>rasuris</span> <span class='ocrx_word' id='word_1_36' title='bbox 717 657 833 734; x_wconf 80' lang='lat' dir='ltr'>primae</span> <span class='ocrx_word' id='word_1_37' title='bbox 855 675 963 718; x_wconf 85' lang='lat' dir='ltr'>manue</span> <span class='ocrx_word' id='word_1_38' title='bbox 986 658 1142 734; x_wconf 86' lang='lat' dir='ltr'>scriptura</span> 
     </span>
     <span class='ocr_line' id='line_1_7' title="bbox 110 745 1141 825; baseline 0.002 -21"><span class='ocrx_word' id='word_1_39' title='bbox 110 765 171 806; x_wconf 93' lang='lat' dir='ltr'>non</span> <span class='ocrx_word' id='word_1_40' title='bbox 193 747 240 806; x_wconf 86' lang='lat' dir='ltr'>ita</span> <span class='ocrx_word' id='word_1_41' title='bbox 262 745 362 806; x_wconf 87' lang='lat' dir='ltr'>deleta</span> <span class='ocrx_word' id='word_1_42' title='bbox 385 748 443 822; x_wconf 87' lang='lat' dir='ltr'>est,</span> <span class='ocrx_word' id='word_1_43' title='bbox 470 748 506 806; x_wconf 91' lang='lat' dir='ltr'>nt</span> <span class='ocrx_word' id='word_1_44' title='bbox 534 764 596 805; x_wconf 93' lang='lat' dir='ltr'>non</span> <span class='ocrx_word' id='word_1_45' title='bbox 619 747 703 806; x_wconf 89' lang='lat' dir='ltr'>certa</span> <span class='ocrx_word' id='word_1_46' title='bbox 723 746 859 823; x_wconf 83' lang='lat' dir='ltr'><strong>priorum</strong></span> <span class='ocrx_word' id='word_1_47' title='bbox 880 747 1012 825; x_wconf 83' lang='lat' dir='ltr'>vestigia</span> <span class='ocrx_word' id='word_1_48' title='bbox 1035 765 1141 824; x_wconf 88' lang='lat' dir='ltr'>super·</span> 
     </span>
     <span class='ocr_line' id='line_1_8' title="bbox 111 830 1140 914; baseline 0.002 -20"><span class='ocrx_word' id='word_1_49' title='bbox 111 836 186 911; x_wconf 90' lang='lat' dir='ltr'>sint,</span> <span class='ocrx_word' id='word_1_50' title='bbox 218 835 323 896; x_wconf 84' lang='lat' dir='ltr'>multis</span> <span class='ocrx_word' id='word_1_51' title='bbox 356 830 571 896; x_wconf 86' lang='lat' dir='ltr'>consuetudine</span> <span class='ocrx_word' id='word_1_52' title='bbox 601 834 720 896; x_wconf 85' lang='lat' dir='ltr'>librarii</span> <span class='ocrx_word' id='word_1_53' title='bbox 747 834 909 914; x_wconf 74' lang='lat' dir='ltr'>diligenter</span> <span class='ocrx_word' id='word_1_54' title='bbox 935 835 1095 897; x_wconf 80' lang='lat' dir='ltr'>observata</span> <span class='ocrx_word' id='word_1_55' title='bbox 1123 857 1140 896; x_wconf 94' lang='lat' dir='ltr'>e</span> 
     </span>
     <span class='ocr_line' id='line_1_9' title="bbox 110 923 1141 1003; baseline 0.004 -21"><span class='ocrx_word' id='word_1_56' title='bbox 110 943 222 1003; x_wconf 88' lang='lat' dir='ltr'>magno</span> <span class='ocrx_word' id='word_1_57' title='bbox 251 943 377 984; x_wconf 90' lang='lat' dir='ltr'>numero</span> <span class='ocrx_word' id='word_1_58' title='bbox 407 923 552 985; x_wconf 83' lang='lat' dir='ltr'>similium</span> <span class='ocrx_word' id='word_1_59' title='bbox 582 925 801 985; x_wconf 75' lang='lat' dir='ltr'>correctionum</span> <span class='ocrx_word' id='word_1_60' title='bbox 829 927 910 985; x_wconf 89' lang='lat' dir='ltr'>certo</span> <span class='ocrx_word' id='word_1_61' title='bbox 937 924 1036 986; x_wconf 90' lang='lat' dir='ltr'>dicere</span> <span class='ocrx_word' id='word_1_62' title='bbox 1057 926 1141 1002; x_wconf 89' lang='lat' dir='ltr'>lieet,</span> 
     </span>
     <span class='ocr_line' id='line_1_10' title="bbox 111 1012 1140 1092; baseline 0.004 -20"><span class='ocrx_word' id='word_1_63' title='bbox 111 1012 184 1089; x_wconf 90' lang='lat' dir='ltr'>quid</span> <span class='ocrx_word' id='word_1_64' title='bbox 207 1013 264 1074; x_wconf 85' lang='lat' dir='ltr'>sub</span> <span class='ocrx_word' id='word_1_65' title='bbox 286 1032 393 1073; x_wconf 87' lang='lat' dir='ltr'>rasura</span> <span class='ocrx_word' id='word_1_66' title='bbox 415 1014 520 1074; x_wconf 87' lang='lat' dir='ltr'>lateat.</span> <span class='ocrx_word' id='word_1_67' title='bbox 567 1013 730 1074; x_wconf 89' lang='lat' dir='ltr'>dolendum</span> <span class='ocrx_word' id='word_1_68' title='bbox 752 1017 856 1074; x_wconf 86' lang='lat' dir='ltr'>autem</span> <span class='ocrx_word' id='word_1_69' title='bbox 879 1015 938 1091; x_wconf 89' lang='lat' dir='ltr'>est,</span> <span class='ocrx_word' id='word_1_70' title='bbox 961 1014 1045 1092; x_wconf 92' lang='lat' dir='ltr'>quod</span> <span class='ocrx_word' id='word_1_71' title='bbox 1063 1015 1140 1076; x_wconf 86' lang='lat' dir='ltr'>satis</span> 
     </span>
     <span class='ocr_line' id='line_1_11' title="bbox 110 1103 1141 1182; baseline 0.003 -21"><span class='ocrx_word' id='word_1_72' title='bbox 110 1104 208 1163; x_wconf 89' lang='lat' dir='ltr'>multa</span> <span class='ocrx_word' id='word_1_73' title='bbox 225 1105 351 1179; x_wconf 88' lang='lat' dir='ltr'>restant,</span> <span class='ocrx_word' id='word_1_74' title='bbox 370 1122 448 1180; x_wconf 88' lang='lat' dir='ltr'>quae</span> <span class='ocrx_word' id='word_1_75' title='bbox 467 1105 548 1163; x_wconf 88' lang='lat' dir='ltr'>certo</span> <span class='ocrx_word' id='word_1_76' title='bbox 567 1103 701 1181; x_wconf 81' lang='lat' dir='ltr'>expediri</span> <span class='ocrx_word' id='word_1_77' title='bbox 718 1122 779 1163; x_wconf 92' lang='lat' dir='ltr'>non</span> <span class='ocrx_word' id='word_1_78' title='bbox 797 1106 935 1181; x_wconf 88' lang='lat' dir='ltr'>possunt,</span> <span class='ocrx_word' id='word_1_79' title='bbox 954 1122 1022 1164; x_wconf 90' lang='lat' dir='ltr'>cum</span> <span class='ocrx_word' id='word_1_80' title='bbox 1039 1103 1141 1182; x_wconf 89' lang='lat' dir='ltr'>prima</span> 
     </span>
     <span class='ocr_line' id='line_1_12' title="bbox 111 1186 1141 1276; baseline 0.003 -26"><span class='ocrx_word' id='word_1_81' title='bbox 111 1193 261 1269; x_wconf 87' lang='lat' dir='ltr'>scripture</span> <span class='ocrx_word' id='word_1_82' title='bbox 283 1210 405 1269; x_wconf 89' lang='lat' dir='ltr'>pessum</span> <span class='ocrx_word' id='word_1_83' title='bbox 427 1190 500 1252; x_wconf 90' lang='lat' dir='ltr'>data</span> <span class='ocrx_word' id='word_1_84' title='bbox 522 1193 554 1252; x_wconf 90' lang='lat' dir='ltr'>in</span> <span class='ocrx_word' id='word_1_85' title='bbox 577 1192 695 1254; x_wconf 92' lang='lat' dir='ltr'>lubrico</span> <span class='ocrx_word' id='word_1_86' title='bbox 718 1211 872 1254; x_wconf 84' lang='lat' dir='ltr'>versemur</span> <span class='ocrx_word' id='word_1_87' title='bbox 890 1186 959 1276; x_wconf 87' lang='lat' dir='ltr'>(cfr.</span> <span class='ocrx_word' id='word_1_88' title='bbox 972 1214 1002 1271; x_wconf 91' lang='lat' dir='ltr'>p.</span> <span class='ocrx_word' id='word_1_89' title='bbox 1020 1193 1141 1271; x_wconf 81' lang='lat'>15‚10;</span> 
     </span>
     <span class='ocr_line' id='line_1_13' title="bbox 113 1275 1141 1364; baseline 0.003 -23"><span class='ocrx_word' id='word_1_90' title='bbox 113 1283 164 1356; x_wconf 84' lang='grc'>79,</span> <span class='ocrx_word' id='word_1_91' title='bbox 180 1283 215 1357; x_wconf 80' lang='lat'>93</span> <span class='ocrx_word' id='word_1_92' title='bbox 244 1283 319 1357; x_wconf 81' lang='lat'>105,</span> <span class='ocrx_word' id='word_1_93' title='bbox 334 1284 369 1358; x_wconf 81' lang='lat'>43</span> <span class='ocrx_word' id='word_1_94' title='bbox 397 1282 472 1357; x_wconf 81' lang='lat'>197,</span> <span class='ocrx_word' id='word_1_95' title='bbox 488 1283 521 1358; x_wconf 80' lang='lat'>73</span> <span class='ocrx_word' id='word_1_96' title='bbox 551 1283 697 1359; x_wconf 82' lang='lat' dir='ltr'>zoo,14;</span> <span class='ocrx_word' id='word_1_97' title='bbox 726 1283 801 1358; x_wconf 82' lang='lat'>301,</span> <span class='ocrx_word' id='word_1_98' title='bbox 816 1283 850 1359; x_wconf 79' lang='lat'>63</span> <span class='ocrx_word' id='word_1_99' title='bbox 879 1275 1036 1364; x_wconf 82' lang='lat'>357,16).</span> <span class='ocrx_word' id='word_1_100' title='bbox 1081 1283 1141 1344; x_wconf 91' lang='lat' dir='ltr'>hoc</span> 
     </span>
     <span class='ocr_line' id='line_1_14' title="bbox 110 1369 1141 1449; baseline 0.003 -20"><span class='ocrx_word' id='word_1_101' title='bbox 110 1390 205 1430; x_wconf 91' lang='lat' dir='ltr'>unum</span> <span class='ocrx_word' id='word_1_102' title='bbox 236 1369 408 1431; x_wconf 88' lang='lat' dir='ltr'>addendum</span> <span class='ocrx_word' id='word_1_103' title='bbox 436 1370 565 1448; x_wconf 71' lang='lat' dir='ltr'>videtin,</span> <span class='ocrx_word' id='word_1_104' title='bbox 589 1390 608 1431; x_wconf 91' lang='lat' dir='ltr'>a</span> <span class='ocrx_word' id='word_1_105' title='bbox 630 1392 723 1432; x_wconf 86' lang='lat' dir='ltr'>manu</span> <span class='ocrx_word' id='word_1_106' title='bbox 752 1372 859 1449; x_wconf 89' lang='lat' dir='ltr'>quinta</span> <span class='ocrx_word' id='word_1_107' title='bbox 882 1372 982 1432; x_wconf 86' lang='lat' dir='ltr'>multa</span> <span class='ocrx_word' id='word_1_108' title='bbox 1010 1390 1141 1449; x_wconf 92' lang='lat' dir='ltr'>quoque,</span> 
     </span>
    </p>
   </div>
   <div class='ocr_carea' id='block_1_3' title="bbox 111 1460 1142 1631">
    <p class='ocr_par' dir='ltr' id='par_1_3' title="bbox 111 1460 1142 1631">
     <span class='ocr_line' id='line_1_15' title="bbox 111 1460 1140 1538; baseline 0.004 -19"><span class='ocrx_word' id='word_1_109' title='bbox 111 1477 189 1536; x_wconf 87' lang='lat' dir='ltr'>quae</span> <span class='ocrx_word' id='word_1_110' title='bbox 210 1461 381 1536; x_wconf 89' lang='lat' dir='ltr'>temporum</span> <span class='ocrx_word' id='word_1_111' title='bbox 403 1460 519 1520; x_wconf 84' lang='lat' dir='ltr'>invidia</span> <span class='ocrx_word' id='word_1_112' title='bbox 540 1480 636 1537; x_wconf 90' lang='lat' dir='ltr'>paene</span> <span class='ocrx_word' id='word_1_113' title='bbox 659 1462 858 1534; x_wconf 85' lang='lat' dir='ltr'>evanuerant,</span> <span class='ocrx_word' id='word_1_114' title='bbox 885 1463 911 1522; x_wconf 89' lang='lat' dir='ltr'>si</span> <span class='ocrx_word' id='word_1_115' title='bbox 941 1480 1003 1521; x_wconf 93' lang='lat' dir='ltr'>non</span> <span class='ocrx_word' id='word_1_116' title='bbox 1026 1461 1140 1538; x_wconf 89' lang='lat' dir='ltr'>ubique</span> 
     </span>
     <span class='ocr_line' id='line_1_16' title="bbox 111 1542 1142 1631; baseline 0.004 -23"><span class='ocrx_word' id='word_1_117' title='bbox 111 1543 179 1630; x_wconf 86' lang='lat' dir='ltr'>(cfr.</span> <span class='ocrx_word' id='word_1_118' title='bbox 192 1569 222 1626; x_wconf 90' lang='lat' dir='ltr'>p.</span> <span class='ocrx_word' id='word_1_119' title='bbox 238 1551 290 1624; x_wconf 84' lang='lat'>34,</span> <span class='ocrx_word' id='word_1_120' title='bbox 302 1551 359 1625; x_wconf 83' lang='grc' dir='ltr'>2ος</span> <span class='ocrx_word' id='word_1_121' title='bbox 383 1552 435 1625; x_wconf 86' lang='grc'>37,</span> <span class='ocrx_word' id='word_1_122' title='bbox 446 1542 494 1631; x_wconf 89' lang='grc'>8),</span> <span class='ocrx_word' id='word_1_123' title='bbox 527 1552 561 1610; x_wconf 89' lang='lat' dir='ltr'>at</span> <span class='ocrx_word' id='word_1_124' title='bbox 591 1551 732 1626; x_wconf 80' lang='lat' dir='ltr'>plurimis</span> <span class='ocrx_word' id='word_1_125' title='bbox 765 1553 878 1611; x_wconf 86' lang='lat' dir='ltr'>tamen.</span> <span class='ocrx_word' id='word_1_126' title='bbox 900 1551 974 1612; x_wconf 89' lang='lat' dir='ltr'>locis</span> <span class='ocrx_word' id='word_1_127' title='bbox 1009 1550 1142 1612; x_wconf 84' lang='lat' dir='ltr'>fideliter</span> 
     </span>
    </p>
   </div>
   <div class='ocr_carea' id='block_1_4' title="bbox 50 1637 1141 1811">
    <p class='ocr_par' dir='ltr' id='par_1_4' title="bbox 50 1637 1141 1811">
     <span class='ocr_line' id='line_1_17' title="bbox 110 1637 411 1716; baseline 0.01 -20"><span class='ocrx_word' id='word_1_128' title='bbox 110 1637 317 1716; x_wconf 80' lang='lat' dir='ltr'>redintegrata</span> <span class='ocrx_word' id='word_1_129' title='bbox 339 1656 411 1699; x_wconf 86' lang='lat' dir='ltr'>esse.</span> 
     </span>
     <span class='ocr_line' id='line_1_18' title="bbox 50 1721 1141 1811; baseline 0.001 -23"><span class='ocrx_word' id='word_1_130' title='bbox 50 1726 92 1781; x_wconf 78' lang='grc' dir='ltr'>Α6</span> <span class='ocrx_word' id='word_1_131' title='bbox 201 1727 324 1788; x_wconf 79' lang='lat' dir='ltr'>Sextum</span> <span class='ocrx_word' id='word_1_132' title='bbox 360 1729 488 1806; x_wconf 90' lang='lat' dir='ltr'>denique</span> <span class='ocrx_word' id='word_1_133' title='bbox 524 1747 647 1788; x_wconf 87' lang='lat' dir='ltr'>manum</span> <span class='ocrx_word' id='word_1_134' title='bbox 680 1721 754 1811; x_wconf 52' lang='grc' dir='ltr'>(ΑΘ)</span> <span class='ocrx_word' id='word_1_135' title='bbox 790 1728 924 1788; x_wconf 88' lang='lat' dir='ltr'>eiusdem</span> <span class='ocrx_word' id='word_1_136' title='bbox 961 1728 1070 1788; x_wconf 86' lang='lat' dir='ltr'>aetatis</span> <span class='ocrx_word' id='word_1_137' title='bbox 1108 1733 1141 1790; x_wconf 91' lang='lat' dir='ltr'>et</span> 
     </span>
    </p>
   </div>
   <div class='ocr_carea' id='block_1_5' title="bbox 70 1817 1140 3593">
    <p class='ocr_par' dir='ltr' id='par_1_5' title="bbox 110 1817 1140 2256">
     <span class='ocr_line' id='line_1_19' title="bbox 111 1817 1139 1896; baseline 0.002 -20"><span class='ocrx_word' id='word_1_138' title='bbox 111 1817 274 1877; x_wconf 85' lang='lat' dir='ltr'>atramenti</span> <span class='ocrx_word' id='word_1_139' title='bbox 292 1817 391 1878; x_wconf 89' lang='lat' dir='ltr'>colore</span> <span class='ocrx_word' id='word_1_140' title='bbox 409 1819 639 1894; x_wconf 75' lang='lat' dir='ltr'>litterarumque</span> <span class='ocrx_word' id='word_1_141' title='bbox 657 1817 762 1878; x_wconf 89' lang='lat' dir='ltr'>formis</span> <span class='ocrx_word' id='word_1_142' title='bbox 783 1819 844 1878; x_wconf 88' lang='lat' dir='ltr'>fere</span> <span class='ocrx_word' id='word_1_143' title='bbox 863 1818 994 1878; x_wconf 87' lang='lat' dir='ltr'>similem</span> <span class='ocrx_word' id='word_1_144' title='bbox 1013 1819 1139 1896; x_wconf 80' lang='lat' dir='ltr'>quintae</span> 
     </span>
     <span class='ocr_line' id='line_1_20' title="bbox 111 1903 1139 1984; baseline 0.003 -19"><span class='ocrx_word' id='word_1_145' title='bbox 111 1905 173 1966; x_wconf 90' lang='lat' dir='ltr'>cod.</span> <span class='ocrx_word' id='word_1_146' title='bbox 197 1905 416 1968; x_wconf 80' lang='lat' dir='ltr'>Ambrosianus</span> <span class='ocrx_word' id='word_1_147' title='bbox 447 1924 553 1983; x_wconf 86' lang='lat' dir='ltr'>passus</span> <span class='ocrx_word' id='word_1_148' title='bbox 586 1909 640 1968; x_wconf 87' lang='lat' dir='ltr'>est.</span> <span class='ocrx_word' id='word_1_149' title='bbox 687 1903 718 1967; x_wconf 85' lang='lat' dir='ltr'>et</span> <span class='ocrx_word' id='word_1_150' title='bbox 748 1906 797 1968; x_wconf 88' lang='lat' dir='ltr'>hic</span> <span class='ocrx_word' id='word_1_151' title='bbox 831 1906 953 1983; x_wconf 89' lang='lat' dir='ltr'>quidem</span> <span class='ocrx_word' id='word_1_152' title='bbox 980 1909 1139 1984; x_wconf 90' lang='lat' dir='ltr'>corrector,</span> 
     </span>
     <span class='ocr_line' id='line_1_21' title="bbox 111 1995 1140 2074; baseline 0.002 -19"><span class='ocrx_word' id='word_1_153' title='bbox 111 2015 296 2074; x_wconf 90' lang='lat' dir='ltr'>quamquam</span> <span class='ocrx_word' id='word_1_154' title='bbox 318 1997 433 2057; x_wconf 83' lang='lat' dir='ltr'>rasuris</span> <span class='ocrx_word' id='word_1_155' title='bbox 448 2015 517 2056; x_wconf 90' lang='lat' dir='ltr'>non</span> <span class='ocrx_word' id='word_1_156' title='bbox 535 2014 655 2073; x_wconf 88' lang='lat' dir='ltr'>semper</span> <span class='ocrx_word' id='word_1_157' title='bbox 672 1995 816 2072; x_wconf 88' lang='lat' dir='ltr'>abstinet,</span> <span class='ocrx_word' id='word_1_158' title='bbox 835 1998 1015 2074; x_wconf 89' lang='lat' dir='ltr'>plerumque</span> <span class='ocrx_word' id='word_1_159' title='bbox 1035 1999 1140 2057; x_wconf 89' lang='lat' dir='ltr'>tamen</span> 
     </span>
     <span class='ocr_line' id='line_1_22' title="bbox 111 2084 1139 2167; baseline 0.001 -23"><span class='ocrx_word' id='word_1_160' title='bbox 111 2103 203 2162; x_wconf 87' lang='lat' dir='ltr'>snpra</span> <span class='ocrx_word' id='word_1_161' title='bbox 225 2104 347 2146; x_wconf 83' lang='lat' dir='ltr'>versum</span> <span class='ocrx_word' id='word_1_162' title='bbox 369 2085 418 2146; x_wconf 85' lang='lat' dir='ltr'>vel</span> <span class='ocrx_word' id='word_1_163' title='bbox 440 2084 473 2144; x_wconf 93' lang='lat' dir='ltr'>in</span> <span class='ocrx_word' id='word_1_164' title='bbox 495 2085 633 2163; x_wconf 81' lang='lat' dir='ltr'>margine</span> <span class='ocrx_word' id='word_1_165' title='bbox 651 2085 794 2147; x_wconf 87' lang='lat' dir='ltr'>lectiones</span> <span class='ocrx_word' id='word_1_166' title='bbox 813 2105 883 2147; x_wconf 88' lang='lat' dir='ltr'>snas</span> <span class='ocrx_word' id='word_1_167' title='bbox 902 2087 948 2146; x_wconf 88' lang='lat' dir='ltr'>ita</span> <span class='ocrx_word' id='word_1_168' title='bbox 967 2085 1139 2167; x_wconf 81' lang='lat' dir='ltr'>adscripsit,</span> 
     </span>
     <span class='ocr_line' id='line_1_23' title="bbox 110 2165 1138 2256; baseline 0 -22"><span class='ocrx_word' id='word_1_169' title='bbox 110 2177 146 2235; x_wconf 89' lang='lat' dir='ltr'>ut</span> <span class='ocrx_word' id='word_1_170' title='bbox 167 2175 246 2253; x_wconf 88' lang='lat' dir='ltr'>sigla</span> <span class='ocrx_word' id='word_1_171' title='bbox 264 2177 278 2238; x_wconf 79' lang='grc'>1</span> <span class='ocrx_word' id='word_1_172' title='bbox 300 2165 374 2256; x_wconf 83' lang='lat' dir='ltr'>(oct)</span> <span class='ocrx_word' id='word_1_173' title='bbox 402 2175 436 2236; x_wconf 80' lang='lat' dir='ltr'>al</span> <span class='ocrx_word' id='word_1_174' title='bbox 457 2166 565 2255; x_wconf 78' lang='lat' dir='ltr'>(altos)</span> <span class='ocrx_word' id='word_1_175' title='bbox 588 2180 631 2234; x_wconf 68' lang='lat' dir='ltr'>c.⁶·‘</span> <span class='ocrx_word' id='word_1_176' title='bbox 653 2166 872 2256; x_wconf 65' lang='lat' dir='ltr'>(corrigendam</span> <span class='ocrx_word' id='word_1_177' title='bbox 899 2167 955 2256; x_wconf 82' lang='lat' dir='ltr'>est)</span> <span class='ocrx_word' id='word_1_178' title='bbox 981 2175 1024 2236; x_wconf 88' lang='lat' dir='ltr'>eis</span> <span class='ocrx_word' id='word_1_179' title='bbox 1051 2194 1138 2251; x_wconf 87' lang='lat' dir='ltr'>prae-</span> 
     </span>
    </p>

    <p class='ocr_par' dir='ltr' id='par_1_6' title="bbox 70 2262 1139 2965">
     <span class='ocr_line' id='line_1_24' title="bbox 70 2262 1138 2341; baseline 0.001 -17"><span class='ocrx_word' id='word_1_180' title='bbox 70 2331 72 2336; x_wconf 27' lang='lat'>,</span> <span class='ocrx_word' id='word_1_181' title='bbox 109 2266 243 2340; x_wconf 89' lang='lat' dir='ltr'>poneret.</span> <span class='ocrx_word' id='word_1_182' title='bbox 288 2262 442 2323; x_wconf 88' lang='lat' dir='ltr'>interdum</span> <span class='ocrx_word' id='word_1_183' title='bbox 464 2281 501 2322; x_wconf 86' lang='lat' dir='ltr'>ea</span> <span class='ocrx_word' id='word_1_184' title='bbox 523 2265 656 2340; x_wconf 88' lang='lat' dir='ltr'>tantum,</span> <span class='ocrx_word' id='word_1_185' title='bbox 686 2283 764 2341; x_wconf 89' lang='lat' dir='ltr'>quae</span> <span class='ocrx_word' id='word_1_186' title='bbox 790 2264 854 2324; x_wconf 88' lang='lat' dir='ltr'>iam</span> <span class='ocrx_word' id='word_1_187' title='bbox 880 2283 899 2324; x_wconf 90' lang='lat' dir='ltr'>a</span> <span class='ocrx_word' id='word_1_188' title='bbox 921 2264 1021 2341; x_wconf 90' lang='lat' dir='ltr'>priore</span> <span class='ocrx_word' id='word_1_189' title='bbox 1044 2283 1138 2325; x_wconf 91' lang='lat' dir='ltr'>manu</span> 
     </span>
     <span class='ocr_line' id='line_1_25' title="bbox 110 2351 1138 2430; baseline 0 -16"><span class='ocrx_word' id='word_1_190' title='bbox 110 2356 244 2414; x_wconf 89' lang='lat' dir='ltr'>correcta</span> <span class='ocrx_word' id='word_1_191' title='bbox 267 2354 362 2429; x_wconf 71' lang='lat' dir='ltr'>erant,</span> <span class='ocrx_word' id='word_1_192' title='bbox 384 2354 417 2412; x_wconf 92' lang='lat' dir='ltr'>in</span> <span class='ocrx_word' id='word_1_193' title='bbox 438 2351 576 2430; x_wconf 86' lang='lat' dir='ltr'>margine</span> <span class='ocrx_word' id='word_1_194' title='bbox 597 2354 718 2430; x_wconf 86' lang='lat' dir='ltr'>repetit,</span> <span class='ocrx_word' id='word_1_195' title='bbox 740 2353 893 2414; x_wconf 89' lang='lat' dir='ltr'>interdum</span> <span class='ocrx_word' id='word_1_196' title='bbox 909 2353 1004 2414; x_wconf 87' lang='lat' dir='ltr'>bonas</span> <span class='ocrx_word' id='word_1_197' title='bbox 1024 2372 1138 2414; x_wconf 88' lang='lat' dir='ltr'>correc-</span> 
     </span>
     <span class='ocr_line' id='line_1_26' title="bbox 109 2440 1139 2519; baseline 0.002 -18"><span class='ocrx_word' id='word_1_198' title='bbox 109 2444 206 2503; x_wconf 84' lang='lat' dir='ltr'>tiones</span> <span class='ocrx_word' id='word_1_199' title='bbox 230 2442 330 2517; x_wconf 83' lang='lat' dir='ltr'>affert,</span> <span class='ocrx_word' id='word_1_200' title='bbox 357 2443 443 2502; x_wconf 89' lang='lat' dir='ltr'>velut</span> <span class='ocrx_word' id='word_1_201' title='bbox 471 2440 549 2502; x_wconf 92' lang='lat' dir='ltr'>illud</span> <span class='ocrx_word' id='word_1_202' title='bbox 572 2445 652 2501; x_wconf 79' lang='lat' dir='ltr'>estur</span> <span class='ocrx_word' id='word_1_203' title='bbox 673 2462 703 2519; x_wconf 90' lang='lat' dir='ltr'>p.</span> <span class='ocrx_word' id='word_1_204' title='bbox 720 2444 793 2518; x_wconf 87' lang='grc'><strong>124,</strong></span> <span class='ocrx_word' id='word_1_205' title='bbox 810 2445 861 2519; x_wconf 87' lang='grc'>28,</span> <span class='ocrx_word' id='word_1_206' title='bbox 890 2441 1044 2503; x_wconf 88' lang='lat' dir='ltr'>interdum</span> <span class='ocrx_word' id='word_1_207' title='bbox 1072 2445 1139 2503; x_wconf 87' lang='lat' dir='ltr'>tam</span> 
     </span>
     <span class='ocr_line' id='line_1_27' title="bbox 109 2530 1138 2609; baseline 0.002 -19"><span class='ocrx_word' id='word_1_208' title='bbox 109 2533 229 2608; x_wconf 87' lang='lat' dir='ltr'>ineptae</span> <span class='ocrx_word' id='word_1_209' title='bbox 252 2550 288 2591; x_wconf 86' lang='lat' dir='ltr'>ae</span> <span class='ocrx_word' id='word_1_210' title='bbox 309 2530 465 2607; x_wconf 86' lang='lat' dir='ltr'>ridiculas,</span> <span class='ocrx_word' id='word_1_211' title='bbox 487 2533 524 2591; x_wconf 88' lang='lat' dir='ltr'>ut</span> <span class='ocrx_word' id='word_1_212' title='bbox 546 2530 687 2592; x_wconf 87' lang='lat' dir='ltr'>dubitare</span> <span class='ocrx_word' id='word_1_213' title='bbox 708 2533 820 2609; x_wconf 85' lang='lat' dir='ltr'>possis,</span> <span class='ocrx_word' id='word_1_214' title='bbox 847 2553 921 2592; x_wconf 91' lang='lat' dir='ltr'>num</span> <span class='ocrx_word' id='word_1_215' title='bbox 944 2530 1033 2591; x_wconf 82' lang='lat' dir='ltr'>Gertz</span> <span class='ocrx_word' id='word_1_216' title='bbox 1055 2534 1138 2592; x_wconf 89' lang='lat' dir='ltr'>recte</span> 
     </span>
     <span class='ocr_line' id='line_1_28' title="bbox 108 2620 1137 2700; baseline 0.003 -21"><span class='ocrx_word' id='word_1_217' title='bbox 108 2620 302 2696; x_wconf 82' lang='lat' dir='ltr'>indicaverit,</span> <span class='ocrx_word' id='word_1_218' title='bbox 328 2620 399 2682; x_wconf 88' lang='lat' dir='ltr'>ilias</span> <span class='ocrx_word' id='word_1_219' title='bbox 426 2620 521 2681; x_wconf 87' lang='lat' dir='ltr'>bonas</span> <span class='ocrx_word' id='word_1_220' title='bbox 543 2620 665 2700; x_wconf 89' lang='lat' dir='ltr'>ingenio</span> <span class='ocrx_word' id='word_1_221' title='bbox 688 2622 791 2698; x_wconf 85' lang='lat' dir='ltr'>potius</span> <span class='ocrx_word' id='word_1_222' title='bbox 814 2622 879 2682; x_wconf 89' lang='lat' dir='ltr'>eius</span> <span class='ocrx_word' id='word_1_223' title='bbox 903 2640 996 2699; x_wconf 85' lang='lat' dir='ltr'>quam</span> <span class='ocrx_word' id='word_1_224' title='bbox 1025 2620 1137 2682; x_wconf 84' lang='lat' dir='ltr'>codicis</span> 
     </span>
     <span class='ocr_line' id='line_1_29' title="bbox 110 2709 1139 2787; baseline 0.001 -18"><span class='ocrx_word' id='word_1_225' title='bbox 110 2709 238 2770; x_wconf 88' lang='lat' dir='ltr'>alicuius</span> <span class='ocrx_word' id='word_1_226' title='bbox 257 2710 370 2771; x_wconf 86' lang='lat' dir='ltr'>anxilio</span> <span class='ocrx_word' id='word_1_227' title='bbox 390 2709 499 2772; x_wconf 88' lang='lat' dir='ltr'>deberi.</span> <span class='ocrx_word' id='word_1_228' title='bbox 535 2711 615 2770; x_wconf 88' lang='lat' dir='ltr'>hanc</span> <span class='ocrx_word' id='word_1_229' title='bbox 634 2729 754 2787; x_wconf 91' lang='lat' dir='ltr'>quoque</span> <span class='ocrx_word' id='word_1_230' title='bbox 773 2729 898 2770; x_wconf 89' lang='lat' dir='ltr'>manum</span> <span class='ocrx_word' id='word_1_231' title='bbox 916 2711 1031 2772; x_wconf 85' lang='lat' dir='ltr'>scholia</span> <span class='ocrx_word' id='word_1_232' title='bbox 1045 2712 1139 2786; x_wconf 88' lang='lat' dir='ltr'>atque</span> 
     </span>
     <span class='ocr_line' id='line_1_30' title="bbox 109 2799 1138 2876; baseline 0.002 -18"><span class='ocrx_word' id='word_1_233' title='bbox 109 2799 379 2876; x_wconf 85' lang='lat' dir='ltr'>interpretamenta</span> <span class='ocrx_word' id='word_1_234' title='bbox 400 2800 565 2860; x_wconf 87' lang='lat' dir='ltr'>maximam</span> <span class='ocrx_word' id='word_1_235' title='bbox 587 2802 706 2876; x_wconf 87' lang='lat' dir='ltr'>partem</span> <span class='ocrx_word' id='word_1_236' title='bbox 728 2799 906 2862; x_wconf 85' lang='lat' dir='ltr'>brevissima</span> <span class='ocrx_word' id='word_1_237' title='bbox 930 2800 1010 2860; x_wconf 90' lang='lat' dir='ltr'>inter</span> <span class='ocrx_word' id='word_1_238' title='bbox 1032 2817 1138 2860; x_wconf 85' lang='lat' dir='ltr'>versus</span> 
     </span>
     <span class='ocr_line' id='line_1_31' title="bbox 110 2887 768 2965; baseline 0 -17"><span class='ocrx_word' id='word_1_239' title='bbox 110 2887 314 2965; x_wconf 83' lang='lat' dir='ltr'>adscripsisse,</span> <span class='ocrx_word' id='word_1_240' title='bbox 336 2890 369 2949; x_wconf 92' lang='lat' dir='ltr'>in</span> <span class='ocrx_word' id='word_1_241' title='bbox 392 2891 569 2950; x_wconf 88' lang='lat' dir='ltr'>transcursu</span> <span class='ocrx_word' id='word_1_242' title='bbox 590 2888 768 2949; x_wconf 88' lang='lat' dir='ltr'>monuerim.</span> 
     </span>
    </p>

    <p class='ocr_par' dir='ltr' id='par_1_7' title="bbox 72 2977 1139 3593">
     <span class='ocr_line' id='line_1_32' title="bbox 72 2977 1139 3058; baseline 0 -21"><span class='ocrx_word' id='word_1_243' title='bbox 72 2993 90 3029; x_wconf 78' lang='lat' dir='ltr'>a</span> <span class='ocrx_word' id='word_1_244' title='bbox 196 2977 362 3055; x_wconf 56' lang='lat' dir='ltr'>&#39;Reliquum</span> <span class='ocrx_word' id='word_1_245' title='bbox 390 2981 449 3055; x_wconf 87' lang='lat' dir='ltr'>est,</span> <span class='ocrx_word' id='word_1_246' title='bbox 478 2980 514 3038; x_wconf 92' lang='lat' dir='ltr'>ut</span> <span class='ocrx_word' id='word_1_247' title='bbox 541 2977 578 3037; x_wconf 90' lang='lat' dir='ltr'>de</span> <span class='ocrx_word' id='word_1_248' title='bbox 606 2996 669 3037; x_wconf 87' lang='lat' dir='ltr'>una</span> <span class='ocrx_word' id='word_1_249' title='bbox 694 2978 751 3039; x_wconf 89' lang='lat' dir='ltr'>illa·</span> <span class='ocrx_word' id='word_1_250' title='bbox 774 2980 901 3058; x_wconf 79' lang='lat' dir='ltr'>pagina,</span> <span class='ocrx_word' id='word_1_251' title='bbox 930 2997 1023 3057; x_wconf 91' lang='lat' dir='ltr'>qnam</span> <span class='ocrx_word' id='word_1_252' title='bbox 1045 2995 1139 3054; x_wconf 86' lang='lat' dir='ltr'>supra</span> 
     </span>
     <span class='ocr_line' id='line_1_33' title="bbox 109 3066 1138 3146; baseline 0 -20"><span class='ocrx_word' id='word_1_253' title='bbox 109 3069 353 3143; x_wconf 85' lang='lat' dir='ltr'>commemoravi,</span> <span class='ocrx_word' id='word_1_254' title='bbox 377 3067 441 3129; x_wconf 92' lang='lat' dir='ltr'>cod.</span> <span class='ocrx_word' id='word_1_255' title='bbox 455 3068 507 3128; x_wconf 90' lang='lat' dir='ltr'>fol.</span> <span class='ocrx_word' id='word_1_256' title='bbox 522 3066 582 3126; x_wconf 91' lang='lat' dir='ltr'>XII</span> <span class='ocrx_word' id='word_1_257' title='bbox 595 3089 633 3143; x_wconf 90' lang='lat' dir='ltr'>r.,</span> <span class='ocrx_word' id='word_1_258' title='bbox 655 3085 755 3144; x_wconf 87' lang='lat' dir='ltr'>pauca</span> <span class='ocrx_word' id='word_1_259' title='bbox 777 3068 826 3128; x_wconf 89' lang='lat' dir='ltr'>hic</span> <span class='ocrx_word' id='word_1_260' title='bbox 844 3067 1033 3146; x_wconf 87' lang='lat' dir='ltr'>subiungam.</span> <span class='ocrx_word' id='word_1_261' title='bbox 1067 3084 1138 3127; x_wconf 92' lang='lat' dir='ltr'>oon·</span> 
     </span>
     <span class='ocr_line' id='line_1_34' title="bbox 109 3155 1138 3233; baseline 0.002 -18"><span class='ocrx_word' id='word_1_262' title='bbox 109 3156 186 3216; x_wconf 89' lang='lat' dir='ltr'>tinet</span> <span class='ocrx_word' id='word_1_263' title='bbox 208 3155 313 3216; x_wconf 91' lang='lat' dir='ltr'>libriI</span> <span class='ocrx_word' id='word_1_264' title='bbox 337 3155 373 3216; x_wconf 91' lang='lat' dir='ltr'>de</span> <span class='ocrx_word' id='word_1_265' title='bbox 395 3158 442 3217; x_wconf 87' lang='lat' dir='ltr'>ira</span> <span class='ocrx_word' id='word_1_266' title='bbox 465 3177 489 3217; x_wconf 92' lang='lat' dir='ltr'>c.</span> <span class='ocrx_word' id='word_1_267' title='bbox 509 3159 526 3215; x_wconf 94' lang='lat'>1</span> <span class='ocrx_word' id='word_1_268' title='bbox 549 3158 618 3217; x_wconf 76' lang='lat' dir='ltr'>eta</span> <span class='ocrx_word' id='word_1_269' title='bbox 643 3160 674 3216; x_wconf 92' lang='lat' dir='ltr'>et</span> <span class='ocrx_word' id='word_1_270' title='bbox 696 3157 810 3233; x_wconf 89' lang='lat' dir='ltr'>scripta</span> <span class='ocrx_word' id='word_1_271' title='bbox 832 3159 878 3218; x_wconf 93' lang='lat' dir='ltr'>est</span> <span class='ocrx_word' id='word_1_272' title='bbox 900 3177 993 3216; x_wconf 90' lang='lat' dir='ltr'>manu</span> <span class='ocrx_word' id='word_1_273' title='bbox 1016 3155 1138 3217; x_wconf 86' lang='lat' dir='ltr'>diversa</span> 
     </span>
     <span class='ocr_line' id='line_1_35' title="bbox 108 3244 1137 3323; baseline 0.001 -18"><span class='ocrx_word' id='word_1_274' title='bbox 108 3246 140 3305; x_wconf 92' lang='lat' dir='ltr'>in</span> <span class='ocrx_word' id='word_1_275' title='bbox 164 3245 278 3323; x_wconf 90' lang='lat' dir='ltr'>spatio,</span> <span class='ocrx_word' id='word_1_276' title='bbox 302 3244 383 3322; x_wconf 93' lang='lat' dir='ltr'>quod</span> <span class='ocrx_word' id='word_1_277' title='bbox 405 3266 535 3307; x_wconf 89' lang='lat' dir='ltr'>vacuum</span> <span class='ocrx_word' id='word_1_278' title='bbox 557 3246 724 3323; x_wconf 87' lang='lat' dir='ltr'>reliquerat</span> <span class='ocrx_word' id='word_1_279' title='bbox 746 3246 860 3323; x_wconf 89' lang='lat' dir='ltr'>primus</span> <span class='ocrx_word' id='word_1_280' title='bbox 883 3246 1039 3322; x_wconf 88' lang='lat' dir='ltr'>librarius,</span> <span class='ocrx_word' id='word_1_281' title='bbox 1067 3263 1137 3306; x_wconf 89' lang='lat' dir='ltr'>cum</span> 
     </span>
     <span class='ocr_line' id='line_1_36' title="bbox 109 3335 1137 3412; baseline 0.001 -17"><span class='ocrx_word' id='word_1_282' title='bbox 109 3336 252 3396; x_wconf 86' lang='lat' dir='ltr'>sensisset</span> <span class='ocrx_word' id='word_1_283' title='bbox 268 3335 367 3394; x_wconf 88' lang='lat' dir='ltr'>multa</span> <span class='ocrx_word' id='word_1_284' title='bbox 384 3336 434 3396; x_wconf 91' lang='lat' dir='ltr'>hic</span> <span class='ocrx_word' id='word_1_285' title='bbox 451 3337 484 3395; x_wconf 94' lang='lat' dir='ltr'>in</span> <span class='ocrx_word' id='word_1_286' title='bbox 502 3335 603 3395; x_wconf 87' lang='lat' dir='ltr'>codice</span> <span class='ocrx_word' id='word_1_287' title='bbox 622 3336 785 3412; x_wconf 86' lang='lat' dir='ltr'>archetypo</span> <span class='ocrx_word' id='word_1_288' title='bbox 804 3336 914 3396; x_wconf 76' lang='lat' dir='ltr'>deesse.</span> <span class='ocrx_word' id='word_1_289' title='bbox 928 3335 971 3395; x_wconf 92' lang='lat' dir='ltr'>id</span> <span class='ocrx_word' id='word_1_290' title='bbox 988 3353 1050 3395; x_wconf 92' lang='lat' dir='ltr'>non</span> <span class='ocrx_word' id='word_1_291' title='bbox 1064 3337 1137 3396; x_wconf 89' lang='lat' dir='ltr'>ante</span> 
     </span>
     <span class='ocr_line' id='line_1_37' title="bbox 109 3423 1138 3499; baseline 0.001 -14"><span class='ocrx_word' id='word_1_292' title='bbox 109 3443 186 3485; x_wconf 86' lang='lat' dir='ltr'>saec.</span> <span class='ocrx_word' id='word_1_293' title='bbox 200 3423 281 3499; x_wconf 88' lang='lat' dir='ltr'>XIV,</span> <span class='ocrx_word' id='word_1_294' title='bbox 305 3423 434 3484; x_wconf 82' lang='lat' dir='ltr'>fortasse</span> <span class='ocrx_word' id='word_1_295' title='bbox 456 3425 548 3485; x_wconf 87' lang='lat' dir='ltr'>etiam</span> <span class='ocrx_word' id='word_1_296' title='bbox 571 3425 691 3486; x_wconf 85' lang='lat' dir='ltr'>saeculo</span> <span class='ocrx_word' id='word_1_297' title='bbox 709 3425 766 3484; x_wconf 80' lang='lat' dir='ltr'>XV</span> <span class='ocrx_word' id='word_1_298' title='bbox 783 3425 897 3486; x_wconf 86' lang='lat' dir='ltr'>factum</span> <span class='ocrx_word' id='word_1_299' title='bbox 915 3444 978 3487; x_wconf 85' lang='lat' dir='ltr'>esse</span> <span class='ocrx_word' id='word_1_300' title='bbox 997 3423 1087 3485; x_wconf 82' lang='lat' dir='ltr'>Gertz</span> <span class='ocrx_word' id='word_1_301' title='bbox 1105 3429 1138 3486; x_wconf 91' lang='lat' dir='ltr'>et</span> 
     </span>
     <span class='ocr_line' id='line_1_38' title="bbox 94 3511 1136 3593; baseline 0.009 -28"><span class='ocrx_word' id='word_1_302' title='bbox 94 3513 210 3568; x_wconf 64' lang='lat' dir='ltr'>hocve</span> <span class='ocrx_word' id='word_1_303' title='bbox 229 3512 468 3574; x_wconf 82' lang='lat' dir='ltr'>consentiebant</span> <span class='ocrx_word' id='word_1_304' title='bbox 500 3515 579 3574; x_wconf 88' lang='lat' dir='ltr'>hanc</span> <span class='ocrx_word' id='word_1_305' title='bbox 596 3532 721 3574; x_wconf 88' lang='lat' dir='ltr'>manum</span> <span class='ocrx_word' id='word_1_306' title='bbox 736 3511 824 3575; x_wconf 82' lang='lat' dir='ltr'>Gertz</span> <span class='ocrx_word' id='word_1_307' title='bbox 842 3514 946 3575; x_wconf 88' lang='lat' dir='ltr'>littera</span> <span class='ocrx_word' id='word_1_308' title='bbox 960 3533 981 3575; x_wconf 90' lang='lat' dir='ltr'>a</span> <span class='ocrx_word' id='word_1_309' title='bbox 993 3512 1136 3593; x_wconf 83' lang='lat' dir='ltr'>signavit.</span> 
     </span>
    </p>
   </div>
   <div class='ocr_carea' id='block_1_6' title="bbox 0 0 1224 3846">
    <p class='ocr_par' dir='ltr' id='par_1_8' title="bbox 0 0 1224 3846">
     <span class='ocr_line' id='line_1_39' title="bbox 0 0 1224 3846; baseline 0 1"><span class='ocrx_word' id='word_1_310' title='bbox 0 0 1224 3846; x_wconf 95' lang='lat' dir='ltr'> </span> 
     </span>
    </p>
   </div>
  </div>
 </body>
</html>
