2438 3846
124 184 169 250 94
321 178 955 238 o.arvrvan1sounoannmn.o1a.1v.

125 326 265 412 suspicio
296 330 330 393 et
359 326 570 410 coniectura,
586 326 795 393 fallacissima
823 327 1055 393 irritamentat-
1074 327 1149 394 ‘ille

124 438 176 482 me
198 438 314 502 parum
337 416 478 481 humane
501 416 668 502 salutavit,
695 416 751 483 ille
774 417 885 483 osculo
908 438 981 482 meo
1004 439 1072 483 ncn
1095 418 1149 484 ad·

123 506 242 591 baesit3
272 505 327 571 ille
349 505 538 571 inchoatum
562 526 743 572 sermonem
767 506 833 573 cito
856 505 999 592 abrupit;
1028 507 1085 572 ille
1107 508 1148 572 ad

125 616 238 662 cenam
268 616 336 660 non
366 594 507 679 vocavit3
539 595 627 660 illius
656 596 767 661 vultus
794 595 937 661 aversior
962 595 1051 685 visus
1079 596 1149 663 ost'

89 704 191 752 rncn
214 684 316 749 deerit
338 684 516 769 suspicioni
542 685 794 771 argumentatio:
830 685 1038 770 simplicitate
1065 706 1147 771 opus
1180 706 1193 748 ι

125 777 175 839 est
197 778 230 839 at
253 773 393 860 benigna
415 796 523 840 rerum
547 773 779 840 aestimatione.
815 773 899 839 nihil
920 774 984 840 nisi
1007 775 1095 858 quod
1113 775 1149 840 in

124 863 236 928 oculos
258 862 402 928 incurret
424 862 696 949 manifestumque
719 863 781 929 erit
803 862 985 949 credamus,
1011 867 1044 930 at
1069 886 1148 949 quo-

123 952 208 1017 tiens
231 952 372 1036 suspicio
396 956 508 1018 nostra
530 974 613 1019 vana
635 953 834 1038 apparuerit,
855 951 1063 1040 obiurgemus
1082 975 1148 1020 cre

124 1040 308 1126 dulitatem3
330 1041 410 1107 haec
433 1042 520 1108 enim
544 1042 714 1129 castigatio
738 1042 1004 1109 consuetudinem
1028 1042 1149 1109 efficiat

123 1152 191 1196 ncn
213 1130 309 1197 facile
332 1131 490 1197 credendi.
1167 1153 1194 1194 ro

90 1257 104 1305 1
212 1236 316 1303 XXV.
352 1236 432 1304 Inde
460 1241 495 1304 'et
523 1236 605 1303 illud
635 1238 794 1323 sequitur,
821 1241 859 1303 ut
881 1237 1024 1305 minimis
1048 1239 1148 1305 sordi·

124 1325 330 1411 dissimisqne
351 1327 448 1394 rebus
471 1349 539 1393 non
561 1327 795 1394 exacerbamur.
842 1349 957 1413 parum
981 1328 1075 1415 agilis
1099 1333 1149 1394 est

123 1437 205 1501 puer
231 1420 288 1482 aut
314 1416 455 1502 tepidior
477 1439 562 1501 aqua
583 1420 702 1501 poturo
725 1421 782 1482 aut
804 1417 953 1483 turbatus
977 1420 1068 1484 torus
1091 1422 1149 1484 ant

124 1527 235 1572 mensa
252 1506 477 1594 neglegentius
495 1506 615 1591 posita:
633 1507 674 1573 ad
692 1506 756 1572 ista
773 1507 929 1573 concitari
946 1506 1072 1573 insania
1090 1510 1148 1573 est,

124 1616 220 1683 aeger
255 1599 288 1661 et
323 1595 462 1662 infelicis
498 1595 693 1661 valetudinis
735 1600 784 1662 est
820 1618 917 1681 quem
952 1597 1033 1662 lavis
1070 1619 1149 1662 aura
1168 1617 1194 1660 ra

124 1685 299 1769 contraxit,
329 1685 447 1752 adfecti
477 1685 563 1751 oculi
593 1707 674 1769 quos
705 1686 840 1752 candida
862 1686 962 1751 vestis
985 1686 1149 1771 obturbat,

124 1773 300 1840 dissolutus
331 1775 453 1841 deliciis
482 1775 573 1841 cuius
600 1776 686 1841 latus
709 1776 814 1841 alieno
837 1776 949 1842 labore
972 1775 1147 1842 condoluit.

88 1863 329 1949 aMindyriden
358 1865 450 1930 aiunt
478 1864 578 1930 fuisse
608 1887 649 1930 ex
678 1861 901 1949 Sybaritarum
925 1865 1069 1949 civitate,
1092 1866 1149 1949 qui

125 1975 199 2019 cum
227 1954 360 2020 vidisset
386 1953 563 2020 fodientem
592 1957 624 2019 et
651 1954 748 2020 altius
772 1957 912 2020 rastrum
937 1954 1149 2039 adlevantem,

123 2043 245 2109 lassum
269 2065 303 2109 se
327 2044 398 2109 fieri
421 2046 553 2129 questus
576 2043 681 2109 vetuit
702 2044 797 2109 illum
818 2065 900 2129 cpus
918 2044 954 2109 in
972 2047 1147 2128 conspectu
1166 2065 1194 2106 ro

125 2152 184 2197 suo
216 2133 336 2218 facere,
366 2133 453 2199 idem
482 2132 601 2199 habere
631 2153 666 2199 se
695 2132 787 2217 peius
812 2136 944 2216 questus
968 2137 1031 2218 est,
1061 2134 1148 2219 quod

89 2221 211 2290 ufoliis
233 2244 327 2288 rosae
350 2221 522 2308 duplicatis
544 2220 753 2287 incubuisset
798 2221 855 2287 ubi
883 2221 1028 2288 animum
1051 2221 1148 2289 siiuul

125 2314 158 2376 et
181 2333 299 2396 corpus
316 2313 501 2396 voluptates
522 2333 707 2396 corrupere,
724 2311 807 2376 nihil
825 2311 994 2378 tolerabile
1011 2312 1149 2397 videtur,

105 2422 192 2486 'non
210 2401 286 2484 quia
305 2402 398 2485 dura,
421 2402 477 2467 sed
497 2400 573 2485 quia
593 2400 701 2466 mollis
719 2401 849 2486 patitur.
887 2401 966 2486 quid
985 2405 1034 2468 ast
1052 2401 1149 2486 enim,

125 2511 183 2555 cur
217 2490 317 2557 tussis
354 2491 490 2556 alicuius
527 2493 584 2555 aut
620 2493 912 2556 sternutamentum
949 2495 1006 2558 aut
1036 2512 1149 2558 musca
1167 2511 1194 2554 aa

124 2601 240 2664 parum
270 2579 395 2646 curiose
424 2579 538 2667 fugata
566 2579 601 2644 in
629 2579 752 2645 rabiem
780 2583 857 2666 agat
879 2584 936 2646 aut
959 2581 1148 2647 obversatus

89 2687 106 2736 4
125 2669 213 2734 canis
233 2672 289 2734 aut
308 2669 406 2734 clavis
424 2668 626 2755 neglegentis
645 2670 729 2734 servi
742 2669 892 2735 manibus
906 2670 1038 2755 elapsa?
1066 2670 1149 2736 feret

124 2758 186 2824 iste
205 2780 308 2844 aequo
327 2757 435 2824 animo
455 2758 549 2824 civile
566 2756 747 2825 convicium
763 2761 795 2824 et
808 2759 936 2845 ingesta
948 2760 1148 2827 intentione

125 2847 253 2914 curiave
282 2848 468 2932 maledicta,
496 2847 588 2914 cuius
617 2868 710 2914 aures
737 2849 834 2914 tracti
861 2849 1006 2914 subsellii
1029 2850 1149 2915 stridor

125 2936 282 3003 offendit?
313 2938 513 3023 perpetietur
529 2936 583 3004 hic
598 2937 719 3003 famem
733 2941 766 3003 et
779 2938 919 3004 aestivae
934 2938 1147 3023 expeditionis
1167 2959 1194 3001 ao

215 3130 233 3189 8
252 3132 449 3188 eredulitatem
463 3131 506 3188 Αὅ
524 3131 586 3203 (dul
602 3133 635 3188 iu
652 3149 708 3187 ros.
726 3148 778 3201 pro
797 3131 838 3186 dil
855 3133 971 3203 ataid.)
994 3132 1005 3205 11
1027 3133 1045 3187 e
1063 3133 1148 3188 casti-

125 3203 280 3273 gastigatio
294 3204 337 3260 Αἱ
354 3221 424 3261 corr.
438 3206 499 3260 olio
515 3220 616 3260 munuc
633 3203 644 3276 ll
661 3203 698 3259 11
712 3206 846 3273 sequetur
859 3216 877 3258 s
891 3204 904 3289 J!
922 3204 959 3260 le
974 3204 1149 3278 tepidiorslo-

124 3275 265 3402 aad*
289 3275 590 3403 multurae
604 3274 823 3402 uriae
834 3282 1149 3404 ,a

123 3363 236 3500 arada.
247 3348 441 3487 siai'irbla
454 3365 501 3491 a?
511 3420 572 3476 v11
584 3363 607 3476 d
614 3418 672 3503 {prr
686 3363 779 3474 libori
793 3363 842 3474 id
841 3420 869 3503 J,
881 3390 988 3476 daria
1007 3390 1062 3474 're
1075 3365 1148 3504 mii!

110 3487 220 3550 dffldd
231 3491 265 3544 A
288 3492 322 3560 (v
337 3507 409 3548 corr,
425 3509 461 3551 aa
478 3494 508 3564 u)
533 3491 544 3566 ll
567 3489 602 3547 21
626 3490 702 3545 rdem
722 3493 818 3547 Mrcret
840 3489 927 3547 bilem
943 3492 971 3546 A
1042 3497 1074 3547 at
1091 3492 1147 3547 ord.

92 3566 133 3602 W
151 3558 185 3623 ¹¹)
204 3557 220 3628 l
240 3575 275 3615 se
291 3558 383 3631 peius
403 3565 536 3639 Madoip-
548 3564 647 3641 sepius
662 3566 692 3622 A
709 3579 740 3620 se
756 3561 876 3635 pusulas
892 3565 1047 3631 maplcutar
1067 3561 1149 3619 Gertz
