2438 3846
98 139 138 203 78
292 135 322 189 L.
337 133 480 189 ANNAEI
499 133 663 190 SENECAE
683 135 778 190 DIAL.
793 136 859 191 LIB.
875 136 922 191 IV.

95 281 201 364 piores
230 280 401 345 advocatos
428 281 560 345 habenti
606 281 688 345 alius
713 281 832 345 iudicia
854 283 955 366 patris
978 288 1115 366 accusat,

96 392 176 452 quae
200 370 302 433 vereri
325 370 425 434 satius
448 369 525 452 fuit,
545 369 626 434 alius
645 391 719 434 cum
737 373 839 434 matre
857 371 1013 450 consistit,
1033 372 1115 436 elius

96 458 219 523 delator
241 458 330 522 venit
352 459 420 522 eius
444 459 601 542 criminis,
624 459 715 524 cuius
737 459 939 524 manifestior
959 482 1033 525 reus
1054 465 1116 545 est3

96 550 128 611 et
150 547 245 611 iudex
269 547 476 612 damnaturus
502 569 583 631 quae
606 548 683 612 fecit
706 549 837 633 eligitur
859 552 891 613 et
914 571 1033 614 corona
1054 571 1115 634 pro

95 636 180 701 mala
203 658 298 716 causa
318 687 323 702 .
345 687 351 700 .
370 637 455 700 bona
477 636 606 720 patroni
629 658 707 701 voce
731 641 890 722 corrupta.

61 743 73 790 1
184 723 271 789 VIII:
304 723 389 801 Quid
408 726 534 810 singula
552 725 749 809 persequor?
785 747 859 790 cum
872 725 989 790 videris
1008 726 1116 790 forum

96 814 300 878 multitudine
318 814 471 878 refertum
490 818 522 878 et
540 818 650 897 saepta
668 836 826 880 concursu
846 816 950 879 omnis
968 814 1115 899 frequen·

95 903 158 966 tiae
176 904 272 987 plena
288 908 319 967 et
334 904 427 967 illum
446 904 574 986 circum,
593 905 627 967 in
647 926 710 987 quo
730 905 902 969 maximam
921 905 972 968 sui
990 908 1116 987 partem

95 993 235 1076 populus
259 991 411 1074 ostendit,
434 993 497 1057 hoc
521 994 615 1074 scito,
639 994 712 1057 istie
739 992 928 1057 tantundem
951 1015 1019 1058 esse
1042 994 1115 1057 viti-

59 1098 187 1148 rorum
220 1086 376 1165 quantum
408 1081 584 1146 hominum.
644 1083 728 1146 inter
759 1082 838 1146 istos
872 1103 953 1165 quos
985 1086 1115 1167 togatos
1134 1106 1160 1146 10

77 1169 182 1234 ¹rides
205 1171 296 1234 nulla
318 1193 383 1254 pax
405 1174 466 1234 est:
490 1171 570 1234 altar
593 1172 627 1235 in
646 1171 776 1235 alterius
795 1172 929 1235 exitium
946 1169 1011 1235 levi
1030 1192 1115 1235 com·

94 1258 211 1342 pendio
240 1259 380 1343 ducitur3
406 1260 488 1323 nulli
515 1260 579 1324 nisi
604 1282 643 1324 ex
668 1261 799 1324 alterius
822 1260 940 1324 iniuria
963 1265 1114 1344 quaestus

95 1351 156 1431 est3
184 1348 311 1414 felicem
341 1349 490 1433 oderunt,
520 1349 681 1415 infelicem
708 1353 930 1432 contemnunt;
960 1350 1114 1413 maiorem

95 1442 282 1521 gravantur,
318 1439 436 1503 minori
472 1460 584 1524 graves
618 1443 706 1520 sunt3
738 1438 871 1503 diversis
908 1439 1115 1506 stimulantur

95 1526 338 1609 cupiditatibus3
357 1527 464 1591 omnia
482 1527 607 1610 perdita
626 1529 667 1592 ob
686 1529 789 1592 levem
807 1529 1007 1610 voluptatem
1025 1550 1114 1610 prae·
1133 1551 1158 1590 ιι

96 1615 231 1699 demque
261 1617 404 1699 cupiunt.
456 1638 522 1680 non
552 1617 615 1680 alia
644 1638 740 1700 quam
764 1616 897 1681 inludo
921 1616 1113 1702 gladiatorio

60 1721 75 1768 3
95 1704 161 1768 vita
180 1708 320 1770 est-cum
338 1705 439 1769 isdem
456 1705 635 1770 bibentium
654 1705 939 1791 pugnantiumque.
974 1705 1114 1769 ferarum

94 1794 154 1857 iste
186 1797 362 1859 conventus
395 1798 455 1878 est,
487 1795 551 1857 nisi
583 1794 670 1878 quod
702 1795 776 1858 illae
804 1795 887 1858 inter
913 1816 945 1858 se
968 1794 1113 1878 placidae

95 1885 169 1951 sunt
188 1903 359 1966 morsuque
379 1884 532 1947 similium
551 1883 724 1966 abstinent,
742 1883 778 1947 hi
796 1887 908 1948 mutua
920 1883 1113 1947 laceratione

95 1971 258 2034 satiantur.
303 1972 367 2036 hoc
390 1974 520 2036 omnino
550 1973 589 2036 ab
617 1972 808 2036 animalibus
832 1973 929 2036 mutis
953 1972 1113 2055 differunt,

95 2059 181 2143 quod
211 2060 267 2124 illa
296 2064 522 2126 mansuescunt
552 2061 723 2144 alentibus,
753 2061 870 2126 horum
896 2061 1000 2125 rabies
1024 2061 1112 2144 ipsos

94 2149 252 2231 aquibus
276 2153 324 2213 est
346 2151 469 2214 nutrita
493 2149 683 2233 depascitur.

60 2255 74 2303 1
182 2236 236 2301 IX.
280 2236 467 2322 Numquam
499 2239 594 2303 irasci
627 2238 750 2303 desinet
782 2239 921 2323 sapiens,
954 2239 981 2303 si
1014 2239 1113 2303 semel

94 2327 247 2411 coeperit:
280 2327 388 2391 omnia
417 2328 588 2393 sceleribus
619 2350 656 2393 ac
683 2327 771 2392 vitiis
798 2329 894 2411 plena
921 2331 1009 2411 sunt3
1038 2329 1112 2412 plue

1132 1995 1158 2035 8⁰

94 2416 306 2481 committitur
325 2439 421 2500 quam
441 2416 527 2500 quod
546 2417 650 2501 possit
668 2417 861 2482 coercitione
876 2417 994 2500 sanari,
1013 2423 1113 2481 certa-
1131 2439 1157 2480 rs

182 2572 200 2627 2
225 2573 315 2629 vereri
342 2573 425 2629 Gertz
452 2590 514 2629 urm
540 2575 682 2629 Piscatore
716 2574 817 2630 mereri
842 2575 870 2630 A
887 2592 938 2640 m.
962 2574 1031 2627 satie
1056 2573 1113 2629 fuit

95 2646 204 2700 &onoc
221 2645 224 2715 l
241 2644 389 2716 conlleistit
402 2646 430 2701 A
447 2647 476 2714 (n
489 2662 524 2700 en
536 2663 565 2699 m
579 2662 646 2701 corr.
661 2645 728 2715 oid.)
746 2644 756 2718 ll
774 2645 915 2701 toabam
929 2645 1113 2701 decideram:

93 2718 152 2770 etat
172 2722 236 2785 poet
260 2731 347 2771 cauea
372 2717 436 2771 add.
461 2716 559 2784 oera-
583 2715 668 2771 bovat
692 2717 734 2772 orl
756 2715 825 2771 boat
844 2717 979 2783 Karsten,
1002 2720 1113 2788 pugnat

94 2788 173 2843 Koch
197 2788 268 2842 ciale
291 2788 462 2843 &beataum
504 2805 534 2843 ro
559 2786 650 2856 bona;
672 2787 808 2844 Schultess
829 2805 882 2857 pro
905 2792 1038 2857 corrupta
1060 2805 1111 2844 scr.

93 2858 282 2928 corrumpitur
286 2880 297 2927 ;
314 2860 411 2924 malim
427 2803 532 2928 prodat
549 2859 654 2914 mulam
671 2874 787 2913 causam
804 2859 815 2932 ΙΙ
834 2859 867 2914 Π
887 2876 950 2914 cum
969 2860 1071 2914 iisdem
1085 2861 1112 2915 L

92 2937 124 2984 at
141 2931 209 3000 colo.
229 2946 348 2999 quornm
366 2929 409 2985 A⁶
426 2932 458 2986 ia
475 2947 547 2999 ras.;
564 2948 598 2987 ea
615 2931 657 2986 A·
674 2933 813 3000 emptura
830 2931 896 2985 baec
912 2932 1113 3001 deputamur.-

95 3005 247 3068 .7.e.em,
274 3008 307 3057 et
333 3008 436 3057 cernam
462 3003 500 3058 eit
525 3003 625 3070 ficare:
653 3002 778 3057 cuiedem
809 3001 812 3074 l
842 3000 1000 3056 bibentium
1030 3003 1112 3059 Gertz

92 3073 250 3126 uiuentium
264 3074 307 3129 A¹
325 3073 398 3158 Μ
415 3075 446 3129 ia
463 3071 622 3130 ludentium
640 3090 710 3129 corr.
724 3073 767 3128 Al
784 3072 794 3145 ll
812 3072 847 3128 18
865 3073 919 3129 ista
937 3079 1008 3129 certo
1025 3075 1111 3129 laba·

92 3150 152 3198 erat
164 3143 215 3212 A‘,
232 3161 309 3199 auae
326 3144 373 3199 rde
391 3144 490 3215 leuiter
507 3146 539 3200 ia
556 3162 605 3200 rar
626 3162 660 3200 m.
676 3149 701 3199 5.
717 3143 728 3216 ll
749 3143 785 3199 20
802 3144 857 3199 hoc
875 3145 988 3199 omnino
1008 3146 1112 3201 Vahlen

93 3214 146 3269 hoc
170 3215 201 3268 in
224 3231 282 3270 uno
302 3217 340 3283 A,
364 3215 411 3271 red
432 3232 453 3268 u
473 3216 660 3287 redimeretur
684 3223 736 3283 eet,
760 3215 792 3270 in
809 3215 851 3271 Al
872 3217 905 3271 ia
926 3232 981 3272 rae.
1002 3217 1112 3286 reaper

92 3285 212 3341 duarum
237 3292 288 3343 aut
312 3288 396 3342 trium
421 3286 588 3355 litterarum,
613 3304 731 3357 qaenam
754 3287 854 3343 ultim
879 3303 894 3341 c
917 3294 967 3343 aut
988 3289 1002 3342 t
1026 3288 1112 3353 tuisse

94 3355 203 3413 ceraso
221 3358 366 3415 uidebatur
382 3357 437 3411 hoc
454 3374 511 3414 uno
529 3359 557 3414 L
576 3365 602 3413 et
617 3359 687 3430 woly:
701 3374 789 3428 prave
806 3358 997 3422 hoc-immane
1012 3359 1113 3430 Rieper

93 3427 241 3484 satiantur.
269 3427 337 3484 illae
355 3431 555 3485 mansuescunt
572 3431 667 3486 ceteris
683 3429 779 3486 abta
797 3429 898 3486 Mueck
914 3428 924 3503 ΙΙ
946 3428 982 3484 28
1000 3429 1111 3486 desines

77 3497 128 3548 A¹
140 3514 210 3552 con.
227 3517 263 3554 m.
279 3503 362 3568 1-2,
381 3500 481 3558 deinde
498 3501 622 3558 radendo
635 3501 678 3557 Al
