2438 3846
127 166 178 222 AD
191 165 368 234 SERENVM
377 165 427 220 DE
437 163 759 231 TRANQVILLITATE
768 165 876 220 ANIMI
888 164 965 221 CAP.
974 172 1016 221 16.
1026 173 1058 220 17
1083 167 1150 234 2¹15

127 312 214 397 quod
236 315 288 377 tot
310 311 409 377 cleris
433 312 621 397 configitur,
643 314 699 375 aut
718 310 886 394 (tatonem,
909 312 996 396 quod
1018 310 1151 377 volnera

125 401 264 466 oolnmct
295 400 375 466 sua?
426 421 537 466 omnes
564 401 620 466 isti
647 399 713 465 levi
742 400 898 486 temporis
928 401 1074 486 impensa
1103 401 1151 465 in-

126 494 297 571 venerunt,
329 489 491 573 quomodo
524 489 646 554 aeterni
676 489 804 573 fierent,
836 492 868 554 et
901 490 941 556 ad
972 489 1150 555 inmortali-

125 582 226 644 tatem
248 578 415 644 moriendo
438 581 603 643 venerunt.

94 707 107 748 s
215 683 318 750 XVII.
354 683 416 749 Est
448 688 480 749 et
510 684 567 749 illa
599 684 854 750 sollicitudinum
882 705 950 749 non
979 682 1183 750 mediocrisl

125 775 274 855 materia,
305 774 334 838 si
365 777 397 838 te
429 773 522 839 anxie
555 794 729 858 componas
760 794 821 839 nec
851 773 927 838 ullis
960 772 1150 856 simpliciter

126 863 288 947 ostendas,
317 861 421 946 qualis
444 863 621 927 multorum
644 864 712 928 vita
734 867 795 946 est,
823 862 912 946 ficta,
940 861 1150 927 ostentationi

125 957 250 1037 parata;
272 954 403 1035 torquet
421 952 507 1016 enim
526 951 660 1016 adsidua
678 951 858 1017 observatio
873 952 924 1016 sui
943 950 1149 1035 et-deprendi

124 1040 219 1106 aliter
248 1061 286 1106 ac
318 1041 401 1105 solet
430 1040 552 1105 metuit.
602 1062 663 1105 nec
692 1062 846 1125 umquam
876 1061 953 1106 cura
983 1040 1149 1123 solvimur,

80 1150 107 1191 ro
123 1130 181 1195 ubi
198 1129 318 1194 totiens
336 1151 396 1195 nos
416 1128 583 1194 aestimari.
594 1132 746 1212 putamus
766 1129 915 1213 quotiens
935 1129 1051 1213 aspici3
1072 1150 1149 1193 nam

125 1222 158 1283 et
180 1218 284 1283 multa
305 1217 465 1301 incidunt,
493 1238 574 1301 quae
597 1219 717 1283 invitos
741 1217 917 1301 denudent,
939 1220 985 1300 et,
1007 1220 1045 1282 ut
1067 1217 1148 1282 bene

124 1306 217 1373 cedat
247 1310 339 1371 tanta
369 1306 420 1371 sui
452 1306 635 1393 diligentia,
670 1328 737 1372 non
768 1309 877 1372 tamen
908 1306 1049 1372 iucunda
1080 1306 1149 1370 sits

123 1398 180 1460 aut
203 1417 315 1461 secura
337 1399 387 1460 est
409 1417 535 1480 semper
557 1396 617 1461 sub
640 1416 779 1480 persone
801 1396 988 1462 virentium.
1035 1398 1069 1459 at
1091 1395 1183 1459 illas

124 1488 282 1569 quantum
313 1484 411 1554 habat
440 1485 617 1568 voluptatis
648 1486 771 1550 sincera
801 1488 833 1550 et
862 1507 921 1569 per
942 1506 976 1550 se
1000 1484 1149 1549 inornate

79 1594 105 1634 ιο
123 1573 327 1658 simplicitas,
349 1575 433 1639 nihil
456 1573 632 1640 obtendens
655 1574 798 1639 moribus
817 1575 897 1640 suist
935 1574 1022 1639 subit
1039 1576 1149 1638 tamen

124 1665 156 1727 et
178 1662 257 1728 haec
280 1664 347 1727 vita
370 1666 574 1748 contemptus
596 1663 791 1748 periculum,
813 1663 841 1728 si
864 1663 974 1728 omnia
997 1661 1147 1726 omnibus

122 1755 249 1836 patent3
285 1755 362 1817 sunt
398 1753 483 1817 enim
520 1752 577 1836 qui
612 1752 780 1817 fastidiant
821 1751 975 1836 quicquid
1012 1750 1146 1835 propius

123 1840 279 1906 adierunt
330 1841 386 1906 sed
414 1862 474 1907 nec
503 1841 617 1906 virtuti
645 1840 826 1925 periculum
856 1843 918 1924 est,
947 1862 988 1905 ne
1017 1839 1148 1905 admota

124 1929 226 1995 oculis
256 1929 440 2014 revileseat,
471 1933 503 1995 et
533 1930 633 1994 satius
663 1934 713 1995 est
744 1929 950 2014 simplicitate
983 1928 1147 1995 contemni

77 2039 105 2079 ro
123 2039 220 2102 quam
250 2022 406 2103 perpetua
435 2018 640 2085 simulatione
672 2020 825 2103 torqueri.
875 2018 1007 2084 modum
1037 2021 1147 2082 tamen

121 2107 169 2172 rei
191 2106 414 2173 adhibeamus:
444 2108 584 2173 multum
607 2109 754 2192 interest,
778 2107 968 2192 simpliciter
990 2107 1080 2172 vivas
1104 2128 1146 2171 an

121 2195 338 2282 neglegenter.
383 2196 523 2262 multum
553 2201 586 2262 et
614 2196 650 2261 in
679 2219 712 2262 se
740 2196 954 2262 recedendum
981 2199 1043 2279 est;
1071 2207 1181 2260 con-8

121 2285 260 2351 remotio
284 2285 370 2350 enim
393 2284 598 2351 dissimilium
620 2287 701 2351 bene
724 2286 906 2369 composita
928 2283 1090 2349 disturbat
1112 2286 1144 2348 et

121 2377 256 2439 renovat
282 2373 427 2440 adfectus
455 2377 488 2440 et
511 2375 665 2459 quioquid
687 2374 875 2441 inbecillum
896 2373 933 2438 in
954 2373 1062 2438 animo
1085 2393 1145 2437 nec

77 2485 103 2525 rs
121 2467 327 2548 percuratum
363 2466 413 2529 est
449 2463 619 2529 exulcerat.
671 2462 835 2529 miscenda
869 2465 980 2527 tamen
1014 2461 1078 2526 ista
1114 2464 1146 2525 et

121 2552 309 2617 alternanda
328 2556 416 2636 sunt,
439 2552 579 2618 solitudo
599 2555 632 2618 ot
650 2551 844 2637 frequentis:
861 2552 919 2617 illa
936 2550 1029 2616 nobis
1048 2549 1146 2615 faciet

120 2640 290 2706 hominum
309 2642 516 2728 desiderium,
533 2641 614 2708 haec
631 2641 749 2724 nostri,
767 2645 800 2707 et
818 2640 878 2706 erit
897 2641 998 2706 altera
1012 2638 1144 2704 alterius

120 2729 313 2815 remedium3
349 2729 459 2796 odium
496 2732 610 2797 turbae
647 2729 774 2796 sanabit
809 2729 966 2813 solitudo,
1001 2726 1144 2793 taedium

121 2818 305 2885 solitudinis
331 2821 434 2885 turba.
481 2821 603 2887 necin
629 2820 739 2885 eadem
766 2818 946 2885 intentione
969 2816 1179 2902 aequaliterl

58 3078 64 3091 ,
209 3029 378 3085 evenerat
404 3031 469 3085 aaa.
493 3032 635 3087 auseae
658 3032 718 3087 0011.
739 3031 806 3086 asa.
828 3031 894 3098 14,
908 3034 941 3085 11
966 3035 1033 3085 aa.
1057 3004 1145 3082 ieras

121 3101 219 3156 Haase
232 3114 325 3186 sams
342 3101 455 3156 fortiter
470 3101 538 3157 tulit
545 3102 592 3186 ⁸A⁶
604 3105 636 3157 ios
649 3120 735 3174 orioro.
749 3101 918 3227 adscripsit)
939 3100 1010 3154 omis
1028 3099 1078 3153 isti
1091 3099 1120 3153 A

120 3171 139 3226 6
163 3188 215 3227 nec
237 3172 314 3228 mllss
336 3172 400 3300 A,
424 3172 442 3227 9
464 3175 567 3228 metuit
587 3175 614 3229 A
639 3176 765 3229 metuere
787 3173 867 3228 malit
918 3177 989 3239 erm
1010 3172 1061 3237 cfr.
1086 3170 1114 3226 U

121 3250 222 3313 ccmo
244 3247 303 3300 crit.
325 3247 357 3299 ic
399 3245 492 3300 ‚dict
512 3245 589 3300 Dies.
604 3248 749 3317 Arqeotor.
770 3248 842 3300 1889
859 3260 889 3312 p.
905 3247 941 3298 43
965 3242 976 3314 ll
1003 3241 1040 3296 14
1061 3255 1144 3310 perse

119 3314 252 3370 inornata
269 3317 298 3371 A
322 3331 374 3385 per
397 3333 426 3370 se
450 3318 586 3371 ornatas·
608 3323 634 3371 et
655 3317 723 3388 colo.
747 3332 861 3385 prorsus
881 3315 1014 3369 inornata
1035 3312 1116 3368 Gertz
1132 3311 1144 3383 41

120 3385 156 3440 15
175 3385 330 3443 obtendens
348 3405 435 3459 maro.
450 3389 513 3443 edit.
529 3388 656 3443 Erasm.¹
668 3394 694 3442 et
706 3389 775 3458 volo.
790 3385 933 3458 obedilens
948 3386 976 3440 A
989 3385 1000 3457 ΙΙ
1015 3382 1051 3440 18
1065 3382 1142 3437 adie-

120 3459 187 3511 runt
204 3459 272 3529 ooly.
293 3458 444 3514 audierunt
457 3461 486 3515 A
503 3458 635 3514 viderunt
651 3458 732 3514 Gertz
748 3458 758 3530 Η
780 3457 816 3512 22
834 3456 1023 3513 recedendum
1037 3471 1054 3514 s
1072 3453 1143 3509 reei-

121 3527 245 3586 dendum
259 3531 287 3585 A
304 3528 316 3603 ll
333 3529 369 3585 ab
387 3533 454 3585 sunt
471 3530 539 3601 coly.
560 3530 617 3584 sint
632 3531 660 3585 A
677 3529 692 3604 b
705 3529 739 3586 st
760 3528 887 3584 alteras
904 3527 1000 3582 sltem
1013 3527 1044 3578 A

901 3631 958 3686 lb*
