2438 3846
103 160 169 226 ‘276
301 156 331 210 L.
347 153 490 209 ANNAEI
507 153 673 209 SENECAE
691 153 787 208 DIAL.
801 151 871 208 LIB.
884 152 932 208 IX.

104 302 272 370 retinenda
304 324 394 367 mens
428 303 492 384 est,
528 300 584 365 sed
616 300 657 365 ad
688 299 778 366 iocos
811 298 1004 366 devocanda.
1056 321 1133 366 cum

103 393 248 477 puerulis
268 389 416 458 Socrates
439 390 550 455 ludere
572 412 640 455 non
658 388 881 473 erubescebat,
903 393 937 455 et
955 387 1035 455 Oato
1054 390 1132 456 vino

104 482 237 548 laxabat
268 481 413 546 animum
446 480 531 545 curis
563 479 703 564 publicis
735 479 923 565 fatigatum,
955 484 988 545 et
1021 476 1132 564 Scipio

103 571 300 657 triumphale
318 570 400 635 illud
415 591 452 635 ac
465 568 605 634 militare
619 590 736 653 corpus
750 569 903 634 movebat
916 568 957 633 ad
970 590 1134 653 numeros,

104 683 172 727 non
203 661 346 725 molliter
377 682 411 725 se
443 659 637 745 infringens,
668 663 706 724 ut
737 680 825 723 nunc
853 679 924 723 mos
954 661 1005 724 est
1033 658 1133 723 etiam
1165 679 1177 721 s

105 752 232 816 incessu
255 751 327 834 ipso
350 749 437 814 ultra
459 749 649 814 muliebrem
671 747 844 812 mollitiam
862 746 1052 832 fluentibus,
1075 748 1133 813 sed

105 843 143 905 ut
166 839 293 923 antiqui
316 838 366 904 illi
388 838 450 902 viri
473 838 622 903 solebant
648 837 733 902 inter
754 838 863 902 lusum
887 858 924 902 sc
946 837 1031 902 festa
1052 840 1160 902 tem-1

104 950 186 1014 pora
212 928 338 994 virilem
366 929 401 993 in
428 927 561 993 modum
588 926 780 1012 tripudiare,
806 949 874 991 non
896 926 1014 992 facturi
1037 926 1134 992 detri-

70 1038 87 1085 s
106 1022 266 1102 mentum,
284 1018 382 1083 etiam
401 1018 429 1082 si
448 1017 489 1082 ab
508 1017 655 1082 hostibus
674 1016 741 1081 suis
760 1020 991 1100 spectarentur.
1028 1015 1135 1082 danda

106 1111 156 1173 est
169 1109 285 1173 animis
294 1107 454 1173 remissio:
468 1107 618 1172 meliores
632 1106 835 1189 acrioresque
844 1105 982 1190 requieti
991 1109 1134 1191 surgent.
1153 1127 1180 1166 ro

107 1200 145 1261 ut
172 1197 333 1262 fertilibus
361 1196 447 1283 agris
474 1218 542 1261 non
570 1200 619 1261 est
642 1196 865 1280 imperandum
890 1232 933 1242 —
957 1195 1023 1261 cito
1047 1195 1134 1260 enim

107 1288 181 1352 illos
211 1286 378 1351 exhauriet
400 1306 578 1370 numquam
602 1285 786 1351 intermissa
808 1284 988 1350 fecunditas
1013 1321 1066 1369 -,
1089 1284 1135 1349 ita

108 1377 290 1440 animorum
318 1376 458 1460 impetus
486 1374 639 1440 adsiduus
662 1375 756 1440 labor
777 1373 918 1460 franget,
949 1373 1033 1439 vires
1056 1373 1135 1439 reci·

108 1465 199 1550 pient
218 1467 350 1550 paulum
370 1464 505 1530 resoluti
524 1468 556 1529 et
574 1464 714 1548 remissi3
731 1464 875 1530 nascitur
893 1486 934 1528 ex
947 1462 1135 1530 assiduitate

73 1555 257 1621 claborum
281 1555 462 1620 animorum
483 1553 646 1619 hebetatio
666 1554 823 1639 quaedam
842 1557 875 1619 et
891 1554 1039 1639 languor.
1075 1573 1135 1618 nec
1156 1571 1181 1612 1⁵

109 1644 150 1709 ad
164 1643 227 1710 hoc
241 1648 331 1710 tanta
343 1643 514 1709 hominum
529 1643 688 1728 cupiditas
702 1643 858 1727 tenderet,
875 1642 939 1708 nisi
953 1642 1134 1708 naturalem

111 1732 272 1818 quandam
300 1733 497 1818 voluptatem
528 1731 661 1798 haberet
682 1733 774 1799 lusus
798 1733 966 1817 iocusque3
997 1752 1136 1815 quorum

109 1822 259 1906 frequens
297 1843 375 1888 usus
408 1844 503 1887 omne
536 1822 651 1887 animis
683 1821 810 1908 pondus
843 1843 1037 1906 omnemque
1069 1820 1136 1886 vim

110 1912 238 1997 eripiet:
260 1934 335 1978 nam
359 1915 392 1977 et
410 1933 542 1977 somnus
560 1912 729 1977 refectioni
747 1911 944 1977 necessarius
964 1914 1027 1994 est,
1048 1909 1138 1976 hunc

110 2006 218 2067 tamen
250 2002 277 2066 si
307 2023 365 2087 per
395 2002 480 2067 diem
510 2005 703 2085 noctemque
735 2001 918 2085 continues,
948 2021 1036 2065 mors
1067 2000 1136 2065 erit.
1156 2019 1183 2059 so

77 2091 251 2156 smultum
281 2091 428 2174 interest,
457 2090 602 2156 remittas
634 2090 756 2176 aliquid
787 2114 829 2155 an
859 2091 973 2156 solvas.
1026 2089 1136 2175 legum

112 2178 293 2246 conditores
324 2180 423 2244 festos
456 2180 666 2245 instituerunt
696 2180 778 2262 dies,
808 2181 846 2244 ut
873 2180 913 2244 ad
941 2177 1138 2243 hilaritatem

111 2269 259 2334 homiues
300 2269 428 2353 publice
470 2274 672 2355 cogerentur,
714 2273 880 2353 tamquam
921 2267 1137 2334 necessarium

112 2358 277 2424 laboribus
300 2359 540 2445 interponentes
563 2363 867 2444 temperamentum
895 2363 927 2424 et
949 2357 1075 2444 magni,
1101 2360 1139 2422 ut

113 2447 194 2532 dixi,
225 2447 287 2513 viri
311 2449 441 2533 quidam
474 2449 536 2514 sibi
568 2453 748 2514 menstruas
782 2448 877 2514 certis
905 2448 1018 2512 diebus
1042 2446 1138 2512 ferias
1157 2464 1184 2506 ss

114 2535 247 2622 dabant,
271 2538 401 2622 quidam
424 2538 552 2604 nullum
574 2560 641 2604 non
665 2537 750 2603 diem
769 2537 854 2603 iuter
872 2536 976 2603 otium
994 2539 1027 2602 et
1045 2557 1138 2602 curas

114 2625 312 2693 dividebant:
336 2628 463 2712 qualem
487 2626 668 2693 Pollionem
691 2625 842 2692 Asinium
866 2630 1026 2692 oratorem
1050 2647 1139 2711 mag-

80 2732 81 2737 ’
113 2738 192 2781 num
215 2716 434 2801 meminimus,
458 2739 554 2801 quem
577 2718 668 2782 nulla
690 2738 740 2782 res
763 2718 851 2782 ultra
873 2716 1041 2781 decumam
1061 2714 1139 2779 deti-

113 2805 199 2889 nuit3
232 2828 271 2871 ne
302 2806 456 2891 epistulas
491 2805 620 2891 quidem
651 2808 726 2891 post
759 2828 830 2871 eam
858 2805 972 2871 horam
1001 2802 1140 2889 legebat,

113 2917 153 2959 ne
178 2894 255 2979 quid
277 2917 379 2961 novae
403 2917 497 2961 curae
516 2900 713 2962 nasceretur:
737 2896 792 2961 sed
811 2895 911 2961 totius
932 2893 994 2960 diei
1012 2893 1139 2959 lassitu·
1159 2911 1184 2951 so

204 3105 222 3160 4
240 3105 371 3161 movebat
385 3119 402 3161 s
418 3107 449 3161 iu
465 3124 550 3178 criucy.
566 3105 656 3160 mou&
669 3107 698 3162 A
715 3106 725 3180 ll
743 3105 779 3161 1⁰
797 3105 941 3179 requietifs
956 3108 1035 3176 (eras.
1051 3107 1074 3174 s)
1089 3106 1118 3160 A
1131 3104 1142 3176 ll

115 3176 151 3232 14
164 3177 275 3232 rcmissi
289 3191 306 3232 s
320 3178 415 3232 emissi
429 3179 456 3233 A
470 3177 480 3250 ll
494 3176 528 3232 15
542 3177 672 3232 laborum
685 3179 717 3232 iu
732 3195 817 3249 murp.
832 3178 897 3233 cdd.
913 3176 955 3232 A·
967 3177 977 3249 i!
995 3175 1031 3231 18
1045 3180 1141 3231 omne-

115 3265 170 3319 que
184 3250 212 3305 A
231 3249 278 3305 sed
295 3250 433 3321 virgulam
451 3249 514 3304 cdd.
530 3267 564 3304 m.
580 3266 631 3305 rec.
655 3249 665 3322 Η
687 3248 723 3305 20
742 3249 766 3304 si
784 3267 836 3319 per
853 3251 921 3320 oolp.
945 3264 1055 3317 semper
1074 3248 1098 3302 si
1113 3250 1141 3302 A

116 3337 226 3390 semper
251 3321 276 3375 si
301 3337 352 3390 per
377 3321 436 3376 edd.
459 3327 527 3376 autt.
553 3321 563 3405 ll
587 3320 623 3376 24
641 3324 674 3376 ut
693 3321 752 3376 dixi
769 3323 797 3377 A
819 3328 958 3390 corrupte,
977 3321 1034 3375 uisi
1051 3322 1157 3390 ipsius·

117 3391 231 3448 “mue
256 3409 331 3449 error
356 3399 394 3448 est
417 3394 451 3446 ut
477 3392 566 3447 didici
588 3394 705 3462 Lipsius
732 3393 832 3448 iudicii
856 3394 954 3448 melius
977 3391 1114 3448 Schultess
1131 3391 1142 3463 Η

241 3482 251 3508 ²
274 3466 415 3520 oratorem
437 3479 581 3534 magnum·
596 3465 707 3520 seclusit
725 3465 835 3532 Haase,
854 3465 902 3520 sed
920 3465 969 3530 cfr.
987 3462 1092 3519 Vableu
1109 3464 1143 3517 iu

257 3535 348 3594 Berol.
365 3539 442 3594 1878
454 3553 484 3609 p.
501 3535 548 3612 811
566 3534 603 3594 28
622 3534 746 3593 detinuit
760 3537 843 3594 Gertz
861 3535 979 3591 retinuit
992 3536 1021 3590 A
