2438 3846
404 135 453 188 DE
472 135 537 190 IRA
555 134 671 194 mun.
705 133 783 190 csP.
798 140 832 189 28
1091 137 1133 203 97

107 282 229 347 bonum
249 282 331 346 esse!
369 285 491 365 quanto
509 282 607 346 latius
627 281 810 347 officiorum
828 283 920 365 patet
938 301 1036 364 quam
1054 280 1134 346 iuris

106 371 231 457 regula!
288 391 385 454 quam
422 373 526 436 multa
562 371 681 455 pistas,
715 369 916 454 humanitas,
946 370 1133 455 liberalitas,

106 459 245 542 iustitia,
275 459 354 525 fides
385 461 533 547 exigunt,
564 481 647 544 quae
671 460 781 525 omnia
803 462 894 525 extra
916 459 1064 542 publicas
1087 463 1134 524 ta·

107 550 199 616 bulas
230 550 319 614 suntl
366 550 423 615 sed
452 572 493 615 ne
523 549 564 614 ad
594 549 684 614 illam
713 549 844 634 quidem
868 549 1064 614 artissimam
1086 549 1169 617 ime

75 640 275 706 snocentiao
297 638 472 705 formulam
495 643 658 723 praestare
680 660 740 704 nos
765 659 951 722 possumus:
975 639 1039 705 alia
1058 638 1135 705 feci·

106 751 193 813 mus,
222 728 286 793 alia
316 729 545 814 cogitavimus,
572 728 636 793 alia
663 729 862 812 optavimus,
885 728 957 792 aliis
980 727 1134 813 favimus3

105 819 140 883 in
171 817 363 902 quibusdam
394 819 582 884 innocentes
613 837 738 901 sumus,
770 819 846 902 quia
875 838 942 883 non
970 817 1145 890 successit„

105 907 168 973 hoc
200 909 380 994 cogitantes
413 908 580 991 aequiores
618 909 719 972 simus
758 906 1036 991 delinquentibus,
1069 924 1169 973 cre-4

106 996 219 1062 damus
250 996 511 1084 obiurgantibus3
540 997 654 1081 utique
680 996 774 1063 bonis
797 1018 838 1062 ne
861 997 1039 1062 irascamur
1065 993 1134 1085 (cui

60 1109 87 1150 so
106 1087 191 1151 enim
214 1109 296 1170 non,
318 1087 346 1151 si
370 1088 463 1152 bonis
488 1084 666 1172 quoquel),
694 1087 828 1151 minime
857 1086 933 1171 diis3
955 1107 1023 1152 non
1046 1087 1133 1152 enim

105 1176 236 1242 illorum
259 1178 303 1260 oi,
331 1176 387 1240 sed
409 1177 481 1263 lege
504 1176 713 1241 mortalitatis
736 1176 880 1260 patimur
903 1175 1062 1260 quidquid
1085 1176 1133 1241 in·

105 1265 268 1331 commodi
300 1265 426 1331 accidit.
487 1265 535 1330 ‘at
570 1265 677 1331 morbi
714 1265 906 1350 doloresque
943 1264 1133 1332 incurrunt'

103 1355 217 1439 utique
247 1356 356 1438 aliquo
385 1354 627 1442 defungendum
651 1358 701 1420 est
724 1355 926 1420 domicilium
947 1359 1043 1440 putre
1066 1376 1132 1421 sor·

104 1445 183 1509 titis.
229 1445 354 1510 dicatum
384 1446 501 1528 aliquis
531 1446 616 1510 male
647 1445 686 1510 ds
717 1448 749 1510 te
778 1444 921 1510 locutus:
959 1444 1068 1531 cogita
1089 1467 1132 1510 an

60 1555 85 1597 rs
103 1535 193 1619 prior
221 1534 335 1600 feceris
341 1584 350 1619 ,
381 1535 490 1620 cogita
520 1533 559 1599 de
588 1556 685 1619 quam
709 1535 822 1600 multis
844 1535 998 1618 loquaris.
1045 1535 1166 1621 cogi-s

103 1627 223 1709 temus,
246 1625 392 1709 inquam,
412 1625 492 1689 alios
511 1623 702 1689 nonfacere
721 1623 873 1689 iniuriam
893 1623 948 1688 sed
965 1644 1131 1708 reponere,

103 1714 184 1778 alios
208 1735 267 1796 pro
290 1713 385 1778 nobis
409 1713 527 1797 facere,
551 1712 632 1779 alios
652 1717 781 1780 coactos
800 1711 1133 1800 facere,aliosigr10·¹

103 1806 224 1887 rantes,
248 1804 345 1867 etiam
365 1814 432 1886 eos,
454 1803 511 1887 qui
533 1802 680 1869 volentes
703 1804 907 1886 scientesque
929 1802 1067 1886 faciunt,
1091 1825 1131 1869 ex

103 1891 221 1956 iniuria
248 1895 360 1957 nostra
386 1914 454 1957 nou
476 1893 581 1976 ipsam
605 1892 756 1957 iniuriam
779 1896 903 1977 petere:
940 1895 998 1956 aut
1023 1891 1130 1958 dulce

57 1982 176 2047 audine
206 1981 399 2047 urbanitatis
429 1983 600 2066 prolapsus
631 1986 693 2066 est,
723 1985 781 2046 aut
802 1981 881 2047 fecit
904 1979 1041 2065 aliquid,
1062 2003 1130 2048 nou

102 2075 139 2135 ut
161 2071 256 2136 nobis
280 2071 419 2154 obesset,
448 2070 503 2136 sed
532 2071 609 2155 quia
634 2072 788 2155 consequi
811 2071 881 2155 ipse
903 2091 972 2136 non
993 2074 1129 2156 poterat,

101 2161 165 2224 nisi
201 2182 261 2225 nos
298 2160 483 2245 repulisset3
521 2181 615 2244 saepe
652 2160 811 2245 adulatio,
842 2160 920 2224 dum
954 2159 1130 2246 blanditur,

102 2249 244 2314 offendit.
292 2250 438 2334 quisquis
472 2250 512 2315 ad
545 2271 579 2315 se
611 2250 784 2334 rettulerit,
814 2249 964 2333 quotiens
994 2250 1064 2332 ipse
1093 2249 1163 2316 ino

101 2340 319 2423 suspicionem
342 2340 457 2404 falsam
480 2338 642 2422 inciderit,
667 2360 764 2422 quam
787 2339 900 2403 multis
924 2337 1041 2404 officiis
1061 2339 1128 2405 suis

55 2449 82 2491 ss
100 2429 232 2494 fortuna
261 2430 402 2514 speciem
432 2429 568 2495 iniuriae
598 2428 753 2513 induerit,
783 2449 881 2512 quam
904 2429 1025 2494 multos
1052 2433 1129 2514 post

101 2518 212 2584 odium
231 2541 338 2584 amare
358 2519 515 2603 coeperit,
533 2519 654 2602 poterit
671 2540 739 2583 non
757 2519 868 2583 statim
887 2519 995 2601 irasci,
1013 2519 1127 2602 utique

100 2608 130 2675 si
161 2608 224 2673 sibi
255 2610 373 2674 tacitus
406 2608 446 2673 ad
479 2609 608 2695 singula
640 2608 757 2692 quibus
791 2607 966 2674 offenditur
997 2608 1126 2674 dixerit:

101 2697 180 2764 ‘hoc
203 2701 235 2762 et
258 2700 327 2782 ipse
351 2697 519 2764 commisi?
564 2698 620 2763 sed
648 2697 705 2762 ubi
732 2701 800 2762 tam
824 2719 963 2784 aequum
985 2697 1161 2764 indicens

99 2786 265 2852 invenies?
311 2788 338 2852 is
370 2788 426 2871 qui
455 2787 576 2852 nullius
606 2810 674 2853 non
703 2809 838 2853 uxorem
865 2787 1067 2871 concupiscit
1094 2790 1126 2853 et

190 3016 208 3071 2
234 3016 393 3073 liberalitas
420 3020 444 3087 (s
466 3034 487 3072 s.
502 3019 539 3087 s.)
564 3018 615 3086 ΑΒ,
643 3033 677 3072 es
702 3017 744 3072 Α1
769 3019 911 3086 emptura
937 3017 1126 3087 sapuimus

100 3088 157 3142 libe
168 3132 264 3144 ......
275 3088 308 3161 ⁸ll
320 3088 338 3144 9
348 3095 373 3143 et
382 3087 417 3143 10
431 3087 512 3143 bonis
523 3096 638 3158 utroque
647 3089 705 3144 loco
714 3105 765 3144 scr.
773 3088 855 3144 Gertz
864 3089 924 3144 ootl.
933 3105 955 3143 e.
965 3092 1033 3157 27,3
1041 3088 1125 3144 nobis

100 3161 128 3214 A
152 3159 163 3231 ΙΙ
188 3159 222 3214 11
245 3159 359 3214 illorum
383 3159 481 3228 <ri>
503 3162 604 3230 scripsi
621 3167 647 3215 ct
664 3161 736 3215 idem
753 3161 861 3216 meruit
878 3161 912 3215 P.
926 3160 1044 3216 lbomus
1060 3159 1125 3216 illo·

99 3248 162 3284 rum
184 3231 212 3286 A
235 3230 246 3304 ll
270 3230 307 3287 18
330 3230 426 3300 aliquo
449 3229 659 3315 debrngendum
680 3231 801 3302 Mudos'p
821 3228 939 3300 aliquod
956 3229 1124 3302 fugiendum

100 3303 128 3356 A
145 3302 156 3374 ll
173 3302 209 3357 15
228 3304 330 3371 <tu>
349 3302 476 3387 loquaris
489 3318 570 3372 prop.
585 3302 743 3358 Feldmaua
760 3300 823 3428 bon
837 3319 889 3372 pro
904 3301 987 3357 nobis
1000 3304 1038 3371 A,
1051 3303 1124 3373 quod

99 3379 176 3427 uoco
194 3391 256 3429 oum
269 3374 380 3457 Hausao
397 3390 500 3459 pronos
515 3374 542 3428 L
560 3379 586 3430 st
605 3374 672 3445 uolp.
692 3389 744 3443 pro
800 3389 836 3428 no
857 3373 939 3430 serta
957 3375 1123 3459 prouocatos

95 3443 284 3590 jlipprspsptqep,
297 3444 368 3500 ahos
386 3444 469 3500 nobis
487 3460 649 3516 praeripere
667 3447 701 3522 P.
715 3446 833 3502 lberam
850 3445 861 3519 ΙΙ
878 3443 915 3501 sl
931 3445 1029 3500 multis
1048 3447 1072 3514 (t
1089 3462 1125 3501 es

147 3622 265 3668 seusana·
278 3634 364 3673 orsas
378 3628 399 3673 Ι,
412 3631 430 3673 1.
441 3629 479 3674 sd.
488 3630 636 3686 normas„
922 3627 946 3677 'l
