2438 3846
147 178 210 244 188
339 175 370 230 L.
385 174 528 229 ANNAEI
547 173 711 229 SENECAE
730 174 825 228 DIAL.
840 175 907 229 LlB.
923 174 969 229 Vl.

145 321 392 386 obdurescerent
419 324 451 384 et
474 319 570 384 altius
598 323 724 385 terrena
748 320 953 404 conciperent
974 320 1103 385 liberati
1126 323 1169 386 le·

144 411 249 474 viores
280 410 319 474 ad
344 410 502 495 originem
526 431 617 474 suam
639 411 786 474 revolant
809 414 841 475 et
864 410 990 475 facilius
1014 411 1169 494 quicquid

108 517 123 564 ‘2
144 503 193 564 est
210 498 292 564 illud
312 498 449 564 obsoleti
467 499 616 582 inlitique
636 501 757 564 eluunt.
794 521 854 564 nec
872 521 1027 583 umquam
1041 501 1169 586 magnis

144 589 269 674 ingenis
293 609 366 653 cara
384 589 419 652 in
437 609 571 673 corpore
589 609 681 653 mora
699 593 760 654 est:
784 589 868 654 exire
887 593 984 672 atque
1002 612 1170 675 erumpere

143 678 301 763 gestiunt,
331 698 425 762 aegre
453 679 511 742 has
539 678 704 762 angustias
732 678 855 762 ferunt,
881 679 956 764 vagi
984 701 1041 762 per
1064 700 1170 762 omne,
1202 699 1213 739 1

144 767 298 831 sublimes
322 772 354 831 et
373 788 412 831 ex
430 768 497 831 alto
516 767 640 831 adsueti
658 768 800 832 humana
819 768 988 851 despicere.
1026 766 1101 832 inde
1121 774 1171 833 est
1200 772 1209 792 ⁸

144 857 231 940 quod
245 855 362 920 Platon
381 856 512 921 clamat:
532 856 685 940 sapientis
702 857 846 921 animum
861 860 967 921 totum
982 857 1016 921 in
1030 863 1169 922 mortem

142 944 338 1029 prominere,
355 944 419 1010 hoc
431 946 529 1029 velle,
546 945 610 1012 hoc
623 946 786 1030 meditari,
803 947 864 1011 hac
878 967 1005 1030 semper
1019 947 1170 1031 cupidine

142 1034 219 1099 ferri
242 1035 276 1099 in
299 1035 458 1100 exteriora
479 1034 672 1100 tendentem.

107 1139 122 1188 3
233 1122 340 1200 Quid?
376 1129 427 1206 tu,
448 1123 583 1209 Marcia,
606 1145 680 1189 cum
703 1124 827 1189 videres
847 1123 980 1189 senilem
999 1125 1033 1188 in
1052 1125 1169 1190 iuvene
1188 1145 1213 1185 1⁰

141 1212 361 1296 prudentiam,
396 1213 552 1278 victorem
588 1214 733 1278 omnium
765 1214 982 1299 voluptatium
1014 1214 1169 1298 animum,

142 1301 363 1385 emendam,
390 1306 551 1367 carentem
574 1303 668 1386 vitio,
696 1303 823 1368 divitias
847 1304 916 1368 sine
940 1303 1088 1386 avaritia,
1111 1303 1169 1368 hc-

141 1412 236 1455 nores
273 1392 342 1456 sine
372 1392 564 1475 ambitione,
598 1393 781 1477 voluptates
813 1393 881 1456 sine
911 1392 1040 1457 luxuria
1072 1392 1169 1476 adpe-

141 1485 279 1564 tentem,
306 1480 361 1544 diu
384 1481 445 1546 tibi
467 1481 606 1566 putabas
629 1482 722 1546 illum
747 1482 901 1564 sospitem
924 1502 1020 1566 posse
1043 1483 1169 1547 contin·

141 1569 239 1655 gere?
280 1569 434 1655 quicquid
458 1570 498 1634 ad
521 1593 684 1636 summum
707 1572 867 1656 pervenit,
890 1571 931 1635 ab
955 1571 1043 1635 exitu
1066 1592 1169 1656 prope
1189 1590 1213 1631 11

142 1662 198 1724 est.
244 1659 340 1745 eripit
364 1680 398 1725 se
421 1660 589 1744 aufertque
612 1684 652 1726 ex
675 1661 777 1726 oculis
800 1661 943 1744 perfecta
965 1661 1082 1743 virtus,
1107 1682 1169 1726 nec

141 1749 293 1813 ultimum
316 1753 445 1832 tempus
465 1753 636 1834 expectant
655 1773 736 1834 quae
754 1751 790 1814 in
807 1750 913 1834 primo
933 1753 1168 1816 maturuerunt.

106 1838 226 1924 signis
250 1860 314 1920 quo
334 1837 450 1904 clarior
466 1838 574 1923 fulsit,
596 1840 692 1905 citius
711 1839 925 1925 extinguitur,
948 1838 1091 1904 vivacior
1109 1844 1170 1923 est,

142 1927 198 2011 qui
221 1949 295 1992 cum
318 1928 407 1993 lenta
429 1950 467 1994 ac
491 1928 617 1994 difficili
640 1929 774 1994 materia
797 1929 989 1993 commissus
1011 1927 1169 2012 fumoque

141 2017 305 2081 demersus
329 2039 369 2082 ex
392 2018 521 2083 sordido
545 2019 644 2102 lucet,
673 2017 783 2082 eadem
807 2019 893 2082 enim
917 2017 1040 2083 detinet
1063 2038 1169 2102 causa,
1187 2037 1214 2077 10

141 2127 222 2189 quae
246 2106 388 2192 maligne
406 2107 477 2170 alit:
501 2108 547 2172 sic
565 2107 695 2194 ingenia
714 2129 778 2192 quo
798 2108 999 2190 inlustriora,
1020 2107 1170 2172 breviora

141 2199 230 2278 sunt3
247 2218 324 2260 nam
343 2196 399 2260 ubi
420 2197 618 2262 incremento
632 2198 723 2263 locus
737 2200 876 2281 nonest,
894 2197 1019 2262 vicinus
1034 2217 1169 2261 occasus

105 2287 197 2348 aest.
250 2283 412 2350 Fabianus
444 2286 504 2369 ait,
540 2286 573 2351 id
603 2286 691 2370 quod
720 2286 825 2350 nostri
855 2308 985 2370 quoque
1017 2289 1167 2369 parentes

140 2373 262 2458 ridere,
289 2396 426 2458 puerum
457 2373 580 2441 Romae
609 2376 709 2441 fuisse
739 2378 863 2440 statura
890 2375 1031 2462 ingentis
1059 2374 1169 2458 viri†

141 2467 231 2547 ante;
258 2465 313 2528 sed
341 2464 395 2530 hic
418 2465 484 2531 cito
508 2465 656 2547 decessit,
685 2469 718 2530 et
740 2465 924 2530 moriturus
957 2464 1048 2529 brevi
1070 2486 1167 2529 nemo
1186 2483 1213 2525 11

140 2573 204 2617 aaa
225 2552 366 2638 prudens
391 2553 486 2618 dixit:
509 2576 576 2619 non
598 2558 726 2639 potarat
749 2554 835 2619 enim
859 2555 899 2619 ad
917 2555 1008 2619 fliam
1027 2558 1167 2619 aetatem

140 2642 321 2726 pervenire,
345 2665 442 2727 quam
466 2647 680 2728 praeceperat.
728 2645 774 2708 ita
797 2648 859 2708 est:
883 2643 1038 2709 indicium
1062 2643 1167 2708 immi·

234 2835 249 2888 1
269 2817 352 2892 Paro
369 2839 401 2892 a
420 2835 568 2892 Paaeeoae
586 2852 608 2891 ο.
623 2837 672 2891 rx
690 2838 728 2891 a.
745 2835 815 2890 111
832 2838 870 2906 (p.
886 2840 945 2890 esa
964 2836 1033 2904 cra)

229 2975 248 3030 3
262 2976 362 3033 eluunt
377 2978 488 3034 0101100
503 2978 594 3032 fluunt
608 2979 674 3034 AF
684 2977 694 3051 11
712 2977 731 3032 4
744 2978 866 3047 ingeniis
879 2977 976 3104 001οΗ
989 2977 1007 3031 6
1021 2977 1116 3033 indest
1125 2979 1169 3032 A¹

140 3063 209 3104 corr.
223 3049 256 3102 s'a
269 3048 336 3103 inde
350 3051 393 3103 est
406 3049 449 3104 A‘
461 3050 560 3106 deinde
569 3050 611 3105 A⁶
623 3049 634 3122 ll
649 3051 663 3104 7
678 3051 798 3104 mortem
813 3061 830 3102 s
847 3050 938 3102 morte

139 3135 208 3173 corr.
223 3121 255 3173 ia
273 3136 330 3174 -rcs
344 3120 421 3174 ΑΜ
433 3120 444 3192 ll
461 3120 498 3175 14
516 3121 652 3190 sospitem
665 3121 697 3175 F
711 3127 744 3174 at
760 3120 829 3190 colp.
849 3120 990 3187 hospitem
1005 3121 1033 3172 A
1047 3119 1057 3189 Η
1075 3120 1111 3174 15
1129 3119 1168 3173 ab

44 3239 47 3245 .
140 3189 217 3242 exitu
241 3191 358 3259 In'psias
390 3189 427 3243 ad
455 3191 561 3246 exitum
585 3192 649 3247 AF
679 3190 716 3244 ad
744 3191 851 3244 exitum
878 3193 1014 3259 properat
1038 3193 1134 3246 Manet
1159 3192 1170 3264 ΙΙ

138 3259 176 3314 24
201 3262 311 3316 statura
337 3260 461 3332 ingentis
483 3263 540 3318 uiri
563 3266 630 3317 ante
648 3263 713 3318 AF
735 3264 812 3330 (ante
835 3264 1169 3334 atstandandane

139 3332 277 3402 ingentis,
299 3331 391 3388 virum
414 3334 610 3391 antocellentis
633 3333 715 3391 Gertz
741 3335 852 3388 statura
874 3332 985 3404 ingenti
1003 3333 1169 3404 viribusque

139 3405 198 3460 viro
218 3403 436 3462 antecellentem
451 3407 545 3480 Paalp
563 3409 674 3463 statura
692 3406 816 3478 ingenti,
830 3407 884 3462 viri
898 3406 989 3461 instar
1003 3407 1141 3464 Schultess
1158 3406 1170 3481 ΙΙ

141 3475 153 3480 “
163 3475 172 3480 “
184 3477 320 3603 10113111]
337 3480 369 3534 in
388 3479 448 3536 edd.
464 3485 525 3536 cett.
541 3496 622 3536 nemo
637 3479 761 3550 prudens
776 3479 879 3534 nesciit
893 3478 1030 3535 Schultess
1047 3480 1057 3552 ll
1074 3479 1110 3535 a?
1124 3478 1168 3534 in-

989 3049 1000 3120 11
1013 3049 1049 3103 10
1059 3049 1168 3103 uideris
