2438 3846
142 131 186 199 30
344 127 376 184 L.
389 126 532 182 ANNAEI
550 125 716 182 SENECAE
735 126 830 182 DIAL.
845 125 913 183 LIB.
927 125 961 182 H.

142 274 225 339 iuria
246 273 340 340 bonis
362 273 426 338 nisi
444 273 596 356 adispari
609 273 748 337 verenda
770 276 832 338 est:
854 271 972 338 iniuria
988 271 1024 337 in
1041 273 1167 358 sapien-

142 368 208 429 tem
231 364 337 429 virum
366 384 433 427 non
462 361 555 428 cadit.
600 361 682 426 illud
710 362 796 427 enim
822 362 888 427 iam
910 383 1033 427 nones
1056 362 1167 428 admo·

108 469 124 517 3
142 453 266 519 nendus
280 451 441 517 neminem
458 451 580 515 bonurn
600 473 668 516 esse
686 451 750 517 nisi
766 451 951 535 sapientem.
984 449 1023 516 ‘si
1036 448 1167 518 iniuste'

143 543 250 627 inquit
273 539 431 607 ‘Socrates
455 540 623 605 damnatus
647 543 709 623 est,
735 540 885 605 iniuriam
914 539 1058 625 accepit?
1102 540 1168 607 hoc

143 632 217 696 loco
250 631 434 717 intcllegere
465 651 525 695 nos
549 633 677 714 oportet
707 628 802 714 posse
830 630 981 714 evenire‚·
999 632 1038 695 ut
1069 629 1169 695 faciat
1197 648 1209 690 s

144 720 261 803 aliquis
284 720 434 784 iniuriam
458 719 539 783 mihi
561 723 593 784 et
616 740 676 806 ego
704 740 772 783 non
799 719 967 801 accipiam:
999 723 1169 803 tamquam

144 810 173 873 si
196 810 267 892 quis
286 831 368 892 rem,
391 830 487 893 quam
507 808 616 873 arilia
634 830 706 872 mea
724 808 899 892 subripuit,
920 809 954 871 in
975 809 1072 874 domo
1096 831 1170 874 mea

108 915 125 962 4
144 902 258 983 ponat,
280 899 335 964 ille
357 898 480 963 furtum
499 897 624 981 fecerit,
647 919 707 983 ego
726 896 809 961 nihil
826 897 1028 981 perdiderim.
1059 900 1170 983 potest

144 988 260 1072 aliquis
279 1008 399 1052 nocens
417 986 501 1071 fieri,
522 988 669 1072 quamvis
688 1007 754 1050 non
771 988 931 1052 nocuerit:
955 987 983 1051 si
1002 988 1074 1071 quis
1093 1009 1169 1054 cum

144 1099 244 1142 uxore
276 1098 334 1141 sua
364 1079 531 1161 tamquam
564 1097 638 1141 curn
670 1075 774 1140 aliena
805 1076 1012 1159 concumbat,
1043 1076 1171 1143 adnitar
1187 1099 1211 1141 ro

145 1166 219 1249 erit,
242 1166 388 1250 quamvis
410 1167 468 1231 illa
490 1164 636 1230 adultera
657 1187 724 1230 non
747 1166 805 1246 sit;
828 1166 945 1250 aliquis
970 1165 1052 1230 mihi
1075 1189 1169 1232 vene·

144 1277 223 1320 num
234 1255 343 1340 dedit,
360 1255 416 1321 sed
430 1256 496 1320 vim
516 1275 608 1320 suam
625 1255 798 1320 remixtum
818 1256 889 1320 cibo
908 1254 1062 1340 perdidit:
1075 1278 1169 1322 rene-

144 1367 223 1409 num
252 1345 307 1410 ille
335 1345 440 1410 dando
468 1345 580 1410 sceleri
602 1367 636 1410 se
660 1345 829 1430 obligavit,
852 1346 949 1410 etiam
973 1345 1000 1409 si
1022 1367 1090 1409 non
1112 1367 1169 1411 no-

145 1434 225 1514 cuit3
247 1457 314 1499 non
338 1434 443 1499 minus
466 1434 549 1499 latro
574 1437 636 1516 est,
663 1434 754 1498 ouius
784 1434 885 1497 telum
910 1434 1058 1517 obposita
1082 1439 1170 1499 veste

145 1524 271 1589 clusum
294 1527 351 1589 est.
389 1524 498 1588 omnia
521 1523 640 1587 scelera
663 1522 759 1586 etiam
784 1526 857 1586 ante
881 1522 1030 1587 effectum
1054 1523 1170 1607 operis,
1188 1546 1210 1586 ιε

110 1616 303 1696 squantum
327 1614 441 1696 culpae
464 1612 541 1676 satis
566 1614 627 1694 est,
649 1611 791 1693 perfecta
809 1615 892 1676 sunt.
926 1610 1083 1696 quaedam
1101 1612 1170 1678 eius

146 1700 351 1766 condicionis·
376 1704 452 1765 sunt
483 1703 515 1765 et
546 1699 607 1764 hac
629 1701 699 1765 vice
729 1701 935 1785 copulantur,
966 1704 1004 1767 ut
1031 1700 1170 1796 alterum

145 1790 214 1855 sine
237 1790 338 1855 altero
362 1811 430 1855 esse
454 1789 570 1874 possit,
592 1789 729 1854 alterum
752 1791 821 1855 sine
844 1791 945 1856 altero
967 1812 1035 1855 non
1057 1793 1170 1874 possit.

146 1879 233 1965 quod
261 1880 332 1946 dico
363 1879 504 1946 conabor
526 1879 631 1944 facere
653 1879 869 1945 manifestum.
915 1901 1049 1965 possum
1071 1880 1170 1965 pedes

145 1965 288 2053 movere,
310 1973 348 2034 ut
364 1991 431 2034 non
450 1990 590 2033 curram:
614 1989 740 2033 currere
762 1991 829 2034 non
847 1991 995 2054 possum,
1016 1971 1054 2034 ut
1071 1971 1170 2054 pedes
1187 1990 1209 2031 rc

144 2080 211 2122 non
233 2080 394 2142 moveam3
416 2079 564 2143 possum,
586 2058 733 2141 quamvis
756 2059 791 2122 in
813 2080 898 2143 aqua
920 2059 996 2141 sim,
1016 2080 1085 2122 non
1116 2082 1171 2125 ne·

112 2149 227 2211 stare:
250 2147 279 2211 si
300 2151 392 2231 nato,
420 2169 487 2212 non
513 2165 648 2231 possum
670 2146 705 2210 in
728 2169 812 2230 aqua
833 2168 901 2211 non
923 2167 1000 2212 esse.
1047 2168 1088 2211 ex
1109 2147 1171 2213 hac

147 2239 233 2301 sorte
256 2238 288 2301 et
310 2235 373 2301 hoc
396 2240 444 2301 est
467 2234 506 2300 de
529 2256 594 2320 quo
614 2235 728 2322 agitur.
761 2236 789 2300 si
806 2236 957 2301 iniuriam
976 2237 1100 2321 accepi,
1118 2259 1172 2302 ne

147 2346 234 2391 cesse
266 2329 315 2390 est
346 2326 465 2390 factam
495 2346 577 2410 esse3
609 2325 637 2390 si
661 2329 709 2391 est
735 2325 837 2409 facta,
868 2348 935 2391 non
967 2329 1016 2391 est
1041 2347 1172 2392 necesse

146 2415 306 2500 accepisse
329 2437 390 2481 me.
436 2415 539 2479 multa
562 2415 648 2480 enim
670 2415 809 2480 incidere
832 2419 970 2500 possunt
993 2438 1075 2501 quae
1098 2417 1172 2482 suia
1187 2433 1209 2478 u

146 2509 297 2569 moveant
314 2505 478 2570 iniuriam:
496 2509 534 2570 ut
551 2505 742 2569 intentatam
761 2526 893 2570 manum
912 2505 1035 2571 deicere
1054 2505 1171 2590 aliquis

147 2614 239 2658 casus
263 2597 370 2677 potest
393 2599 425 2659 et
447 2594 565 2659 emissa
585 2594 651 2658 tela
674 2593 847 2679 declinare,
869 2595 916 2659 ita
937 2594 1071 2659 iniurias
1095 2617 1172 2679 qua-

146 2683 332 2767 lescumque
354 2686 463 2767 potest
485 2684 593 2767 aliqua
611 2704 661 2747 res
680 2683 833 2768 repellere
852 2684 933 2748 etin
951 2682 1057 2748 medio
1075 2683 1173 2750 inter·

148 2772 268 2857 cipere,
289 2776 327 2836 ut
350 2775 382 2838 et
404 2772 508 2837 factae
532 2772 596 2836 sint
618 2793 678 2836 nec
700 2777 858 2858 acceptae.

238 2973 254 3028 1
268 2972 342 3028 bono
358 2974 509 3042 chmmcr,
523 2975 571 3030 sed
584 2975 729 3043 cfr.p.31‚
741 2978 776 3029 12
788 2981 815 3030 et
829 2974 887 3047 131}
904 2973 922 3029 2
936 2976 1111 3030 {monendus
1120 2976 1149 3031 A
1161 2977 1172 3049 Η

147 3060 166 3117 a
184 3061 289 3117 mae
307 3063 348 3131 uu
366 3065 399 3119 a
415 3065 482 3133 rae.)
497 3064 538 3119 Α1
556 3063 566 3136 p
585 3064 601 3119 r
620 3047 747 3143 {spana
760 3064 789 3119 A
807 3079 875 3119 aas.
891 3081 920 3117 m
937 3063 948 3137 p
966 3063 1002 3119 12
1020 3065 1171 3120 remixtum

147 3143 217 3214 νοις.
237 3144 310 3197 tam
328 3143 356 3198 A
379 3143 391 3216 ΙΙ
414 3141 451 3197 la
468 3142 517 3197 ille
536 3144 656 3215 Madcip
678 3141 751 3197 illud
769 3143 798 3198 A
819 3142 823 3211 Ι
844 3143 943 3199 sceleri
957 3146 985 3199 A
1004 3145 1078 3213 qaod
1096 3153 1172 3201 team

148 3217 198 3283 cfr.
224 3215 462 3284 benefip.195,7
484 3215 553 3270 Hoc.
580 3217 650 3272 Hor.
676 3215 752 3284 epod.
777 3215 877 3271 XVII
892 3220 928 3270 67
955 3215 1069 3270 sceleris
1090 3217 1172 3272 Gertz

149 3287 253 3341 scelere
270 3287 390 3357 Mudoiq
406 3286 417 3358 ΙΙ
435 3286 471 3341 lc
489 3285 582 3351 Q....
598 3289 658 3342 eius
677 3286 852 3341 condicionis
870 3290 936 3342 aunt
954 3290 986 3342 ia
1004 3306 1089 3359 marc.
1105 3289 1170 3343 add.

148 3357 202 3425 A²;
215 3359 304 3428 prinu
320 3358 448 3414 vocabuli
466 3357 580 3430 (quedd)
596 3365 709 3429 praeter
727 3357 750 3424 Q
768 3358 841 3413 adul
859 3366 976 3429 apparet
997 3359 1007 3432 Η
1028 3358 1066 3414 24
1084 3360 1171 3431 sillest

149 3430 178 3484 A
196 3431 276 3553 (erup.
291 3431 321 3499 fi)
345 3429 389 3484 sin
408 3431 451 3484 est
470 3430 550 3484 Koch
572 3431 584 3504 Η
607 3431 644 3486 26
666 3431 838 3486 intentatam
858 3446 974 3485 manum
993 3443 1010 3484 ς
1028 3431 1171 3486 inteutata

133 3513 229 3550 1113ssss
