2438 3846
105 127 173 194 304
308 125 340 182 L.
354 125 498 181 Auum
516 123 682 182 SENECAE
699 124 795 180 Dm.
809 124 877 182 LIB.
891 122 925 178 X.

105 271 281 338 consistere
309 273 345 336 in
373 293 439 337 una
468 271 645 357 cupiditate
673 292 741 336 non
767 273 913 355 possunt
957 292 1026 337 non
1053 275 1130 336 suut

104 360 170 426 illis
201 360 294 448 longi
325 359 406 444 dies,
438 360 495 426 sed
523 360 633 444 invisi3
665 363 700 425 at
727 362 841 425 contra
868 380 966 444 quam
993 359 1130 447 exiguae

103 453 215 518 noctes
237 450 400 534 videntur,
424 470 503 533 quas
526 449 561 514 in
583 449 745 534 conplexu
768 450 949 513 scortorum
972 452 1030 514 aut
1051 449 1129 514 rino

69 539 252 625 oexiguntl
297 537 372 605 inde
399 539 496 604 etiam
521 541 691 622 poetarum
713 537 805 602 furor
827 536 946 602 fabulis
967 536 1129 604 humanos

104 649 227 693 errores
256 628 424 712 alentium,
456 626 572 711 quibus
601 627 690 692 visus
718 630 768 692 est
788 623 937 712 Iuppitet
959 627 1128 712 voluptate
1160 647 1173 688 s

104 715 294 782 concubitus
317 716 476 782 delenitus
500 715 680 801 duplicasse
702 717 846 780 noctem:
869 714 948 800 quid
971 714 1060 781 aliud
1079 719 1129 783 est

103 804 183 870 vitia
212 809 326 870 nostra
356 805 525 870 incendere
555 825 653 888 quam
682 807 830 870 auctores
860 804 925 869 illis
953 803 1128 871 inscribere

104 892 180 958 deos
217 898 250 959 et
286 894 361 960 dare
398 894 512 960 morbo
549 894 697 979 exemplo
732 892 910 958 divinitatis
942 897 1128 960 excusatam

102 982 288 1048 licentiam?
323 986 462 1067 possunt
484 983 554 1071 istis
577 1003 645 1048 non
661 981 868 1048 brevissimae
887 980 989 1046 videri
1007 986 1129 1066 noctes,

104 1092 183 1156 quas
214 1075 281 1138 tam
311 1092 383 1138 care
412 1070 616 1148 mercantur?
668 1071 753 1136 diem
776 1071 881 1136 noctis
905 1071 1172 1155 expectationem

102 1160 255 1246 perdunt,
277 1164 407 1226 noctem
428 1160 511 1225 lucis
535 1163 633 1225 metu.
792 1162 794 1165 ’
1179 1179 1182 1186 ·

69 1265 84 1315 1
192 1247 295 1315 XVII.
332 1247 425 1335 Ipsae
452 1249 635 1334 voluptates
666 1268 777 1313 eorum
804 1247 948 1333 trepidae
975 1250 1008 1313 at
1030 1247 1128 1315 variis

102 1337 278 1404 terroribus
311 1339 474 1422 inquietae
506 1339 589 1403 sunt.
614 1337 764 1420 subitque
795 1357 871 1403 cum
904 1337 1044 1408 maxime
1076 1359 1129 1402 ex·

103 1427 253 1493 sultantis
277 1428 417 1493 sollicita
440 1426 609 1512 cogitatio:
632 1425 727 1491 ‘haec
750 1447 848 1513 quam
871 1425 982 1491 diu?''
1001 1425 1041 1492 ab
1064 1425 1128 1491 hoc
1214 1459 1215 1462 ¹

103 1516 220 1582 affectu
243 1538 335 1603 reges
358 1536 450 1581 suam
473 1516 589 1580 flevere
611 1513 804 1601 potentiam,
826 1535 886 1581 nec
908 1514 983 1580 illos
1005 1515 1128 1601 magni-
1146 1534 1172 1576 ra

102 1604 182 1670 tudo
209 1605 358 1670 fortunae
386 1627 462 1671 suae
489 1604 673 1688 delectavit,
696 1603 751 1670 sed
774 1607 929 1669 venturus
953 1603 1127 1688 aliquando

68 1692 177 1758 afinis
201 1695 364 1758 exterruit,
401 1714 475 1758 cum
499 1714 557 1778 per
578 1714 697 1780 magna
719 1713 908 1778 camporum
932 1692 1037 1777 spatia
1054 1714 1129 1778 por·

102 1781 222 1867 rigeret
253 1783 428 1848 exercitum
460 1803 519 1847 nec
551 1803 721 1847 numerum
754 1783 822 1848 eius
855 1781 910 1847 sad
943 1803 1128 1847 mensuram

103 1871 335 1954 conprenderet
365 1869 537 1936 Persarum
569 1893 626 1936 rex
657 1870 941 1954 insolentissimus,
977 1870 1126 1936 lacrimas

102 1959 260 2043 profudit,
298 1958 385 2044 quod
420 1960 506 2024 intra
542 1963 672 2025 centum
704 1981 805 2024 annos
837 1980 932 2024 namo
965 1980 1005 2024 ex
1036 1963 1128 2025 tanta
1146 1978 1172 2020 ao

101 2046 268 2112 iuventute
299 2047 523 2133 superfuturus
553 2053 650 2114 asset:
680 2051 715 2113 at
743 2048 808 2114 illis
839 2048 1028 2112 admoturus
1058 2053 1128 2113 erat

102 2135 206 2201 fatum
229 2137 298 2221 ipse
322 2137 379 2220 qui
397 2137 495 2201 flebat
512 2136 760 2222 perditurusque
778 2136 859 2202 alios
877 2136 913 2201 in
931 2137 1026 2220 mari,
1045 2137 1127 2202 alios

102 2223 138 2288 in
168 2228 266 2309 terra,
299 2225 380 2290 alios
412 2227 550 2311 proelio,
582 2225 662 2292 alios
692 2226 771 2312 fuga
800 2229 834 2293 et
859 2225 946 2290 intra
972 2225 1127 2312 exiguum

102 2316 231 2398 tempus
254 2318 504 2400 consumpturus
527 2315 616 2399 illos,
639 2314 755 2399 quibus
775 2315 986 2384 centesimum
1005 2337 1127 2380 annum

67 2401 245 2468 atimebat.
301 2402 393 2487 quid,
427 2405 514 2489 quod
546 2403 665 2491 gaudia
696 2424 825 2488 quoque
857 2425 968 2469 eorum
1000 2403 1128 2489 trepida
1145 2421 1172 2463 aa

104 2490 201 2556 sunt?
245 2513 312 2557 non
339 2493 425 2558 enim
453 2493 565 2558 solidis
591 2492 695 2559 causis
718 2493 912 2576 innituntur,
936 2492 992 2558 sed
1015 2492 1127 2559 eadem

104 2601 168 2664 qua
198 2581 346 2669 oriuntur
371 2582 514 2647 vanitate
541 2582 720 2647 turbantur.
767 2582 876 2666 qualia
898 2585 1007 2647 autem
1030 2585 1126 2668 putas

103 2689 173 2734 esse
202 2672 348 2753 tempora
377 2671 474 2736 etiarn
502 2671 647 2755 ipsorum
675 2670 876 2736 confessione
898 2669 1029 2754 misera,
1052 2692 1127 2737 cum

102 2756 182 2824 haec
213 2778 355 2842 quoque,
385 2759 502 2844 quibus
532 2780 566 2824 se
596 2760 752 2825 attollunt
778 2762 810 2825 et
836 2781 934 2845 super
960 2759 1126 2825 hominem

68 2847 253 2930 aafferunt,
281 2869 396 2932 parum
427 2849 551 2914 sincera
577 2847 664 2913 sint?
709 2847 849 2914 maxima
872 2869 1018 2932 quaeque
1041 2849 1127 2914 bona
1146 2867 1173 2909 ao

103 2936 347 3024 sollicitarunt
372 2958 432 3006 nec
459 2938 520 3002 ulli
545 2936 693 3002 fortunae
715 2937 821 3002 minus
844 2937 925 3003 bene
949 2958 1047 3021 quam
1071 2959 1127 3023 op

103 3023 200 3097 timae
230 3026 383 3097 creditur:
416 3025 479 3090 alia
507 3025 661 3097 felicitato
691 3024 731 3091 ad
758 3026 911 3092 tuendam
938 3026 1127 3095 felicitatem

109 3273 116 3290 .
192 3199 282 3256 aare
296 3183 393 3284 mera
410 3199 454 3284 un
468 3201 499 3284 4*
513 3199 524 3272 q
542 3199 577 3255 15
590 3199 758 3272 magnaeo
771 3201 840 3286 vorq.
857 3201 1127 3285 magnaram

103 3271 625 3426 erismatorum}
646 3271 728 3398 tm
739 3271 925 3398 runi*
937 3272 1129 3415 utri

103 3414 140 3471 24
158 3418 242 3471 inum
257 3414 286 3478 A
304 3414 451 3485 (oerpalam
470 3413 534 3469 add.
549 3414 609 3469 ulau
626 3415 673 3483 m.)
696 3412 706 3486 Η
730 3412 766 3469 25
785 3413 861 3483 quod
879 3413 961 3485 21¹0)
981 3416 1045 3484 qmt
1058 3413 1100 3470 Αι
1117 3420 1135 3478 ΙΙ-

96 3487 139 3542 27
155 3503 215 3544 oua
232 3502 302 3544 corr.
317 3502 351 3541 aa
369 3501 442 3555 quaa
456 3486 484 3541 A
502 3485 513 3558 {t
529 3484 566 3541 80
584 3485 753 3541 sincerasint
765 3486 808 3542 Αἱ
826 3485 1004 3542 sincerasunt
1017 3485 1060 3543 A’
