2438 3846
93 128 138 196 20
306 122 495 183 niumm
513 122 911 180 amnemamnem

94 273 280 357 collumque
303 271 480 338 committit
502 269 623 336 incisus
646 273 710 355 cst,
731 273 824 336 tanta
845 270 902 336 illa
924 270 1026 336 moles
1051 290 1122 336 cor·

58 360 168 428 eruit.
212 383 280 428 non
309 361 345 427 in
373 363 440 427 etto
462 361 544 426 latet
567 360 700 445 spiritus
721 380 783 426 nec
804 360 917 445 utique
939 360 1025 425 ferro
1049 381 1122 426 eru·

94 451 196 517 endus
219 455 282 536 est3
303 474 372 517 non
393 453 471 515 sunt
483 451 616 515 minere
634 448 763 534 penitus
781 449 927 534 inpresso
946 449 1123 516 scrutanda

94 540 296 625 praecordia:
318 540 354 605 iu
375 539 524 625 proximo
548 559 636 605 mors
659 543 716 605 est
761 560 830 605 non
852 541 976 604 certum
999 539 1040 603 ad
1058 539 1122 606 hos

95 631 179 696 ictus
216 628 375 696 destinavi
410 629 534 695 locum:
566 649 769 715 quacumque
800 627 850 693 vis
881 627 1029 713 pervium
1062 633 1122 694 est.
1155 649 1166 689 ⁵

95 719 202 804 ipsum
230 719 312 784 illud
344 719 432 803 quod
454 721 590 785 vocatur
618 718 717 803 mori,
748 739 812 803 quo
845 717 953 782 anima
984 717 1124 783 discedit

95 832 115 873 a
138 828 287 892 corpore,
308 806 438 874 brevius
462 812 512 874 est
539 829 637 892 quam
659 811 698 873 ut
720 806 832 873 sentiri
854 809 946 873 tauta
965 807 1123 872 velocitas

94 896 213 982 possitt
235 896 303 962 sive
324 897 434 963 fauces
457 897 562 963 nodus
582 896 681 980 elisit,
699 896 767 962 sive
784 896 1018 982 spiramentum
1036 919 1124 982 equa

95 986 285 1071 praeclusit,
308 986 375 1052 sive
398 988 433 1052 in
456 991 555 1072 caput
575 988 685 1072 lapsos
708 985 903 1053 subiacentis
922 985 984 1052 soli
1002 986 1125 1051 duritia

96 1075 303 1161 comminuit,
334 1076 402 1142 sive
430 1076 567 1142 haustus
597 1077 682 1164 ignis
713 1097 842 1142 cursum
857 1157 860 1161 ⁴
873 1077 999 1142 animae
1020 1097 1124 1141 reme·
1143 1098 1168 1138 1⁰

96 1164 181 1231 aufis
204 1164 399 1232 interscidit:
425 1164 579 1251 quicquid
600 1169 663 1249 est,
685 1168 846 1251 properat.
879 1166 994 1249 ecquid
1011 1164 1124 1230 erube-

95 1254 208 1320 scitis?
253 1256 340 1341 quod
363 1259 431 1321 tam
455 1256 519 1321 cito
542 1255 595 1339 fit,
616 1255 739 1320 timetis
763 1254 853 1319 diu1“

186 1411 365 1468 ddestiuavi
388 1415 457 1485 colu.
480 1412 613 1468 estimaui
626 1413 655 1468 A
682 1412 686 1486 t
714 1428 893 1482 quacumque
914 1411 970 1479 vis,
993 1413 1124 1482 pervium

97 1483 142 1537 est
159 1483 300 1551 Wdifflia,
318 1493 344 1540 st
360 1487 402 1540 sic
415 1488 443 1540 A
460 1487 518 1541 arsi
535 1486 608 1556 quod
625 1502 639 1539 s
657 1486 690 1540 ic
706 1484 752 1540 uis
765 1485 881 1555 ermetis
898 1490 1009 1552 actutu,
1024 1484 1126 1540 deinde

97 1571 179 1611 cruca
196 1560 236 1610 est
253 1560 280 1610 et
297 1557 341 1609 est
358 1572 428 1612 corr.
443 1573 479 1612 ec
496 1559 526 1611 ct
546 1557 557 1641 u
581 1555 713 1627 dilapsos
731 1557 774 1612 A¹
791 1557 880 1627 lapsis
899 1559 961 1626 (act
978 1561 1034 1614 -ast
1052 1573 1124 1611 corr.

97 1626 140 1682 A⁶
161 1625 173 1700 ΙΙ
196 1625 231 1682 11
250 1626 353 1695 ecquid
375 1627 445 1698 vcta.
467 1627 578 1697 &quud
595 1630 633 1685 A.
669 1628 841 1698 &tametio
858 1629 946 1683 micio
959 1630 1039 1697 picta
1057 1629 1126 1683 haec

98 1703 151 1753 est:
179 1697 210 1754 L.
224 1698 257 1753 A.
272 1697 378 1773 Seneca
397 1699 435 1754 ad
452 1697 560 1754 luciliu.
592 1699 686 1766 Quare
705 1699 802 1769 aliqua
847 1699 1028 1754 incommoda
1041 1696 1126 1752 bonis

96 1768 168 1824 uiris
182 1769 327 1829 accidant.
342 1786 407 1826 cum
420 1769 604 1840 prouidentia
617 1771 663 1826 sit.
678 1770 803 1841 explicit.
852 1771 924 1914 &iit
937 1771 941 1842 ι
953 1769 998 1824 Ad
1008 1769 1124 1825 Senensi.

97 1838 158 1895 Nec
176 1841 310 1897 iniuriam
328 1858 380 1898 nec
399 1841 534 1897 ctumelit
551 1842 681 1912 accipere
699 1843 865 1912 sapientem.
