2438 3846
143 187 207 251 174
337 181 708 239 ammoniacae
727 180 966 239 annullavi.

13 323 16 330 ’
141 329 244 416 magis
279 329 405 412 placeat
438 350 534 412 quam
567 328 655 413 quod
691 330 845 393 amissum
881 333 943 394 est:
985 327 1161 413 iniquiores

141 438 253 484 sumus
285 417 437 482 adversus
468 417 581 482 relicta
612 421 795 503 ereptorum
828 417 992 482 desiderio.
1047 418 1103 483 sed
1135 416 1162 482 si

141 508 310 572 aestimare
342 507 495 590 volueris,
528 528 626 590 quam
658 506 750 572 valde
787 507 847 571 tibi
884 507 1027 590 fortuna,
1064 507 1162 573 etiam

142 618 215 663 cum
245 595 394 678 saeviret,
423 595 616 680 pepercerit,
646 597 726 662 scies
756 599 789 660 te
818 595 937 661 habere
966 597 1162 681 plusquam

141 684 273 750 solacia:
309 685 433 768 respice
464 687 516 749 tot
546 688 694 768 nepotes,
731 684 809 750 duas
843 685 936 750 filias.
991 685 1043 750 dic
1080 685 1163 750 illud
1192 705 1204 746 s

141 795 284 857 quoque,
306 773 440 839 Marcia:
470 773 644 857 moverer,
666 774 694 838 si
717 778 801 839 esset
819 775 936 859 cuique
953 773 1085 839 fortune
1101 795 1162 859 pro

141 863 284 927 moribus
316 866 349 927 et
377 882 554 944 numquam
582 863 668 927 mala
694 863 797 928 bonos
821 865 1043 947 sequerentur:
1076 883 1163 928 nunc

140 951 234 1017 video
265 954 415 1035 exempto
445 951 629 1017 discrimine
659 951 772 1018 eodem
800 952 896 1018 modo
920 953 1022 1018 malos
1046 951 1163 1018 bonos·

142 1062 204 1124 que
227 1040 360 1107 iactari?

81 1132 121 1194 '1
230 1128 333 1195 XVH.
371 1128 489 1196 ‘Grave
521 1135 571 1196 est
601 1135 725 1213 tamen,
757 1151 854 1214 quem
886 1130 1085 1213 educaveris,
1116 1129 1163 1194 iu·
1182 1153 1206 1193 ro

142 1240 271 1303 venem,
307 1219 372 1284 iem
408 1220 505 1286 matri
541 1221 605 1285 iam
640 1219 727 1305 patri
758 1218 954 1304 praesidium
986 1240 1025 1284 ec
1056 1219 1164 1304 decus,

142 1308 311 1373 amittere?
357 1309 429 1394 quis
452 1311 551 1397 negat
573 1331 670 1396 grave
693 1308 785 1375 esse?
824 1308 881 1373 sed
903 1308 1081 1374 humanum
1106 1314 1164 1375 est.

35 1450 37 1453 .
142 1396 181 1462 ad
205 1398 267 1462 hoc
290 1398 418 1484 genitus
442 1421 491 1484 es,
512 1404 549 1464 ut
567 1398 729 1484 perderes,
747 1402 785 1463 ut
802 1397 937 1484 perires,
954 1402 992 1463 ut
1010 1419 1164 1483 sperares,

141 1489 315 1571 metueres,
345 1488 426 1553 alios
456 1493 552 1573 teque
579 1487 790 1572 inquietarer,
817 1491 955 1552 mortem
978 1490 1011 1551 et
1033 1487 1163 1552 timeres

142 1579 174 1640 et
204 1579 332 1661 optares
363 1580 409 1660 et,
432 1578 526 1661 quod
556 1581 605 1643 est
633 1576 824 1661 pessimum,
850 1597 1029 1659 numquam
1057 1576 1165 1659 scires,
1182 1597 1206 1639 a

107 1664 233 1730 aculus
263 1666 348 1731 esses
379 1669 491 1731 status.
537 1665 660 1749 siquis
684 1662 860 1750 Syracusas
883 1665 1007 1749 petenti
1031 1664 1164 1730 diceret:

100 1807 104 1814 .
142 1753 269 1819 ‘omnia
304 1754 524 1839 incommoda,
555 1775 666 1820 omnes
698 1754 883 1837 voluptates
915 1754 1043 1819 futurae
1075 1776 1165 1838 pere·

142 1843 334 1929 grinationis
370 1848 445 1910 tuae
481 1847 556 1909 aute
592 1863 764 1929 cognosce,
806 1841 920 1908 deinde
955 1842 1002 1907 ita
1037 1843 1164 1930 naviga.

142 1932 222 1998 haec
245 1936 336 2017 sunt,
363 1955 445 2017 quae
468 1932 578 1998 mirari
600 1932 719 2017 possis:
748 1930 872 1997 videbis
895 1930 1036 2017 primum
1059 1931 1165 2017 ipsam

142 2022 282 2087 insulam
314 2023 353 2087 ab
385 2019 480 2086 Italia
511 2024 650 2109 angusto
686 2020 905 2087 interscissam
936 2020 1035 2105 freto,
1067 2042 1165 2105 quam
1183 2043 1208 2085 so

144 2112 322 2176 continenti
355 2111 517 2194 quondam
550 2110 730 2176 cohaesisse
763 2114 902 2194 constat,
935 2111 1079 2175 subitum
1106 2111 1165 2176 illo

143 2222 230 2265 mare
254 2200 377 2285 inrupit
400 2203 433 2264 et

394 2303 562 2374 Hesperium
582 2302 676 2359 Siculo
694 2303 770 2359 latus
790 2302 921 2358 abscidit.

143 2413 256 2479 deinde
275 2414 398 2480 videbis
418 2411 544 2502 (licebit
562 2415 647 2480 enim
663 2413 723 2480 tibi
740 2413 961 2479 avidissimum
980 2413 1077 2479 maris
1096 2436 1165 2479 ver·

142 2503 240 2569 ticem
258 2501 487 2592 perstringere)
507 2508 641 2570 stratam
659 2504 749 2570 illam
767 2502 949 2569 fabulosam
971 2501 1165 2588 Charybdin,
1184 2523 1209 2566 ss

144 2614 240 2677 quam
264 2592 319 2659 diu
342 2594 382 2659 ab
407 2597 516 2660 austro
540 2597 647 2679 vacat,
673 2597 721 2677 at,
746 2592 775 2658 si
798 2591 973 2677 quidinde
996 2592 1166 2658 vehemen-

142 2683 208 2748 tius
238 2682 387 2767 spiravit,
416 2705 535 2771 magno
564 2683 657 2748 hiatu
685 2681 912 2767 profundoque
941 2681 1072 2768 navigia
1099 2703 1167 2747 sor·

108 2772 281 2837 abentem.
335 2772 458 2838 videbis
494 2772 782 2839 celebratissimum
813 2770 1008 2837 carminibus
1040 2770 1166 2836 fontem

144 2860 352 2948 Arethusam,
383 2862 569 2929 nitidissimi
601 2883 638 2928 ac
666 2860 824 2947 perlucidi
855 2860 894 2925 ad
923 2860 1025 2926 imum
1049 2860 1168 2947 stagni,

235 3018 270 3073 28
291 3021 367 3090 Verp.
382 3022 452 3075 Aac.
468 3021 525 3074 111
538 3023 593 3075 418

233 3124 250 3179 1
269 3126 417 3195 iniquioris
432 3127 460 3182 A
477 3126 488 3199 ll
504 3126 523 3180 2
541 3125 684 3181 desideria
700 3125 764 3180 AF
778 3125 789 3199 tl
807 3124 825 3180 4
843 3125 964 3181 saeviret
982 3125 1080 3180 Haase
1097 3141 1131 3179 ex
1148 3137 1167 3178 s

144 3195 278 3254 saeuierit
298 3202 324 3254 A
348 3199 358 3270 ll
383 3197 419 3253 lo
441 3211 548 3253 essess
570 3212 631 3252 esse
644 3199 673 3252 A
696 3197 707 3270 ll
732 3196 766 3252 17
784 3196 1021 3268 peregrinationis
1038 3196 1067 3251 A
1093 3195 1166 3264 (onis

144 3286 165 3325 s.
179 3287 205 3326 o.
219 3269 284 3325 odd.
299 3286 372 3326 neon.
387 3271 415 3340 2)
440 3268 450 3341 ΙΙ
474 3268 510 3324 19
532 3269 624 3338 possis
642 3267 711 3340 ootp.
733 3268 824 3339 possit
841 3284 909 3324 corr.
924 3270 956 3324 ia
973 3267 1044 3321 -sint
1060 3267 1139 3322 A¹·¹
1155 3267 1167 3340 11

143 3340 180 3396 ‘20
199 3338 349 3395 ambitalia
366 3342 405 3411 (m
419 3342 534 3410 pomis
550 3341 658 3410 notam)
671 3340 700 3395 A
717 3339 728 3412 ΙΙ
746 3338 784 3394 25
801 3339 990 3410 perstringere
1009 3339 1167 3393 Pincianus

144 3412 313 3482 restringere
336 3411 364 3466 A
394 3412 397 3484 l
428 3410 558 3467 charibdi
583 3427 696 3480 squam.
731 3409 781 3464 diu
804 3408 939 3465 abaustro
960 3411 1048 3463 uacat
1070 3410 1102 3462 st
1124 3407 1167 3463 A¹

143 3483 254 3549 (ultim
271 3484 354 3540 verba
372 3498 441 3539 corr.
456 3485 488 3538 ia
505 3484 617 3538 uacata.
646 3485 677 3538 at
694 3499 730 3538 m.
746 3483 775 3552 6)
798 3498 866 3538 corr.
886 3481 1062 3552 Bosparsiue
1083 3477 1166 3551 (Cha-

125 3551 236 3618 rybdin
254 3555 388 3627 Leporem)
