2438 3846
130 138 197 204 224
315 143 344 196 L.
360 139 502 195 ANNAEI
521 137 685 194 SENECAE
704 137 798 191 DIAL.
814 135 881 189 LlB.
896 134 955 189 VII.

129 280 211 347 milri
237 282 313 366 iam,
345 281 432 366 qued
454 285 680 368 argumentum
704 284 753 346 est
774 279 868 364 recti,
896 278 1035 365 contigit
1057 280 1154 346 malis

95 368 306 454 sdisplicere.
358 369 427 454 sed,
456 374 493 435 ut
522 371 583 436 tibi
611 369 770 434 rationem
800 369 945 453 reddam,
973 389 1044 454 qna⁴
1068 369 1163 436 nulli

130 460 315 525 mortalium
347 458 489 544 invideo,
526 459 601 525 audi
640 459 718 542 quid
749 458 940 543 promittam
972 462 1005 522 et
1037 459 1154 542 quanti

130 570 275 632 quaeque
299 548 473 613 aestimem.
514 547 643 614 divitias
665 568 750 634 nego
774 546 897 612 benum
920 567 1002 613 esse:
1024 569 1103 612 nam
1126 548 1155 613 si

130 642 248 720 essent,
265 637 369 703 bonos
387 637 543 721 facerent3
561 657 661 719 nunc,
679 637 832 720 quoniam
848 636 935 721 qued
954 639 1034 720 aput
1049 637 1154 703 malos
1184 655 1196 694 ⁵

130 725 336 810 deprenditur
365 726 430 793 dici
458 727 580 791 bonum
612 747 680 790 non
706 729 828 809 petest,
858 723 922 791 hoc
944 725 1011 790 illis
1032 746 1155 812 nemen

128 836 221 900 nege.
268 819 409 881 ceterum
439 820 472 879 et
500 814 664 880 habendas
694 836 763 879 esse
793 817 826 879 et
854 814 951 879 utiles
980 818 1155 902 etmagna

129 905 300 969 commoda
321 904 407 968 vitae
430 903 602 968 adferentis
626 904 738 969 fateor.

95 1031 110 1079 1
218 1009 320 1076 XXV.
357 1008 442 1088 Quid
473 1031 549 1096 ergo
581 1011 636 1093 sit,
667 1031 765 1093 quare
795 1009 868 1074 illas
898 1031 966 1074 non
983 1009 1030 1073 ··in
1058 1008 1153 1076 bonis

128 1121 308 1182 numerem,
338 1102 370 1164 et
400 1098 477 1185 quid
505 1103 664 1184 praestem
692 1098 727 1162 in
753 1097 818 1163 illis
846 1098 935 1163 aliud
964 1118 1062 1182 quam
1086 1117 1197 1179 vcs,1e

129 1187 282 1272 quoniam
323 1189 407 1253 inter
443 1192 597 1271 utrosque
634 1187 785 1253 convenit
820 1186 1000 1271 habendas,
1035 1187 1154 1256 audite.

128 1298 213 1362 pene
231 1276 266 1340 in
285 1277 529 1360 opulentissima
545 1298 597 1341 me
611 1276 722 1360 deme,
740 1298 826 1360 pone
840 1297 955 1340 aurum
970 1281 1155 1362 argentum-

129 1388 192 1449 que
221 1365 276 1429 αὖτ’
301 1366 336 1429 in
364 1365 548 1448 promiscuo
576 1386 638 1431 usu
661 1365 716 1431 sit:
746 1386 813 1430 non
836 1364 1012 1448 suspiciam
1035 1387 1088 1431 me
1112 1366 1153 1431 ob

128 1456 204 1535 ista,
227 1475 309 1538 quae
332 1455 429 1519 etiam
453 1454 481 1519 si
503 1458 583 1538 aput
601 1477 667 1538 me,
689 1458 780 1520 extra
798 1476 850 1519 me
868 1457 978 1519 tamen
996 1457 1081 1520 sunt.
1119 1455 1154 1520 in

130 1543 300 1608 sublicium
328 1548 461 1627 pontem
489 1567 541 1609 me
567 1543 707 1609 transfer
733 1547 767 1609 et
788 1543 872 1608 inter
895 1547 1025 1630 egentes
1049 1544 1154 1610 abiae:
1173 1562 1197 1603 1⁶

128 1653 195 1697 non
213 1632 285 1697 ideo
304 1636 414 1699 tamen
432 1655 484 1697 me
503 1633 690 1717 despiciam,
710 1633 796 1718 quod
814 1632 849 1697 in
867 1632 1000 1697 illerum
1016 1655 1153 1699 numero

129 1722 316 1805 consedere,
336 1723 392 1805 qui
410 1744 542 1787 manum
561 1721 601 1786 ad
620 1723 737 1805 stipem
755 1721 936 1807 porrigunt.
969 1720 1048 1804 quid
1067 1722 1154 1788 enirn
1190 1746 1194 1753 ·

130 1811 169 1875 ad
197 1833 280 1894 rem,
312 1833 353 1874 an
380 1811 519 1877 frustum
547 1810 640 1895 panis
665 1810 759 1894 desit,
790 1811 843 1877 cui
865 1832 932 1875 non
956 1806 1046 1875 deest
1068 1810 1155 1877 mori

128 1899 246 1983 posse?
283 1899 360 1982 quid
382 1921 458 1985 ergo
477 1900 547 1965 est?
584 1899 716 1964 domum
734 1900 824 1965 illam
843 1899 1045 1987 splendidam
1065 1901 1153 1966 male

94 2008 109 2055 2
130 2010 226 2071 quam
254 1992 394 2072 pontem.
441 2010 526 2074 pone
548 1991 584 2054 ire
606 1989 829 2054 instrumentis
853 1988 1097 2072 splendentibus
1121 1993 1154 2056 et
1172 2011 1199 2054 re

130 2076 266 2142 delicate
295 2081 465 2161 apparatu:
492 2078 596 2143 nihilo
619 2100 671 2143 me
684 2077 870 2143 'feliciorem
895 2076 1035 2159 credam,
1064 2078 1154 2161 qnod

130 2165 210 2230 mihi
228 2166 326 2230 molle
345 2167 406 2231 crit
424 2166 613 2249 amiculum,
636 2165 723 2249 quod
745 2187 889 2250 purpura
908 2165 1053 2231 convivis
1070 2165 1153 2232 meis

130 2254 358 2319 substernetur.
401 2258 492 2319 muta
514 2256 658 2341 stragula
681 2277 765 2320 mea:
788 2254 891 2319 nihilo
915 2254 1063 2320 miserius
1087 2277 1153 2339 ero,

130 2343 157 2407 si
188 2344 274 2409 lassa
305 2343 413 2408 cervix
445 2366 516 2409 mea
547 2344 582 2408 in
604 2344 765 2409 maniculo
789 2344 876 2408 faeni
898 2343 1096 2428 adquiescet,
1125 2345 1154 2410 si

130 2453 226 2515 super
258 2431 404 2498 Circense
440 2437 622 2525 tomentum
654 2454 712 2517 per
741 2435 882 2498 sarturas
910 2433 1026 2499 veteris
1058 2433 1154 2499 lintei
1172 2457 1199 2498 rs

219 2642 235 2696 1
255 2642 376 2712 contigit
389 2655 406 2696 ς
424 2643 565 2727 contingit
578 2648 604 2697 A
622 2642 632 2714 Η
653 2641 672 2697 8
688 2641 763 2710 quod
778 2642 846 2696 audi
865 2645 893 2711 (i.
904 2660 925 2698 e.
941 2642 1009 2697 audi
1023 2641 1112 2712 quod)
1126 2648 1153 2698 A

130 2729 198 2769 corr.
213 2715 281 2784 uolp.
305 2714 315 2785 lt
340 2714 430 2768 thoe
448 2714 506 2769 dici
524 2713 582 2768 illis
602 2718 628 2768 A
650 2713 698 2768 aad
717 2712 774 2767 dici
792 2714 1010 2770 detrudamur.
1032 2712 1043 2785 ΙΙ
1066 2712 1085 2767 t)
1105 2712 1152 2783 sit,

130 2801 217 2853 quare
234 2786 331 2841 Murat
349 2787 392 2839 est
411 2801 497 2854 quare
518 2791 544 2840 A
568 2787 628 2839 est?
656 2799 743 2852 qnare
761 2787 843 2840 multi
860 2786 919 2840 edd.
943 2784 954 2857 ll
976 2784 1012 2838 13
1033 2782 1084 2839 ubi
1102 2786 1154 2842 hoc

130 2857 187 2912 loco
205 2856 304 2911 addidi
309 2876 319 2922 ;
332 2857 493 2925 plerumque
507 2863 572 2925 pore
590 2872 663 2925 pone
681 2855 842 2922 infulciunt.
865 2859 898 2910 ia
914 2861 940 2911 A
957 2873 1014 2911 non
1028 2856 1130 2926 laedar
1143 2857 1154 2929 ll

131 2927 165 2982 15
184 2927 275 2983 abiice
292 2928 402 2983 Gronov
421 2927 505 2998 abige
519 2933 544 2982 A
562 2927 573 2998 ll
593 2927 627 2982 17
646 2927 778 2996 adstipen
792 2932 818 2982 A
835 2928 845 2999 ll
867 2926 903 2982 20
920 2930 1036 2996 pontem
1055 2929 1154 2983 Pinci-

130 3016 202 3054 anae
220 3001 364 3068 potentem
383 3004 409 3053 A
434 3001 437 3071 Ι
462 2999 492 3053 in
511 2999 583 3053 deest
600 3001 632 3053 in
649 3004 689 3066 A,
712 2999 776 3053 add.
790 3000 859 3069 culp.
878 3014 924 3053 me
943 2999 973 3052 in
991 3000 1077 3053 immi
1095 3001 1155 3055 volt

130 3071 227 3153 diecret
249 3071 260 3142 ΙΙ
284 3070 320 3124 22
341 3069 427 3124 melle
450 3071 513 3154 erit·
527 3069 692 3153 amiculum,
717 3068 793 3170 quod
811 3070 879 3153 vulp.
903 3070 988 3124 molle
1007 3069 1062 3124 erit
1080 3071 1153 3125 ami-

130 3140 216 3281 tlt
235 3141 423 3269 ,ltqlldatl
438 3140 648 3280 trube
656 3146 793 3281 alma
811 3142 1153 3284 tutatust

129 3301 196 3341 corr.
221 3286 290 3354 colu.
321 3286 325 3354 l
353 3287 434 3339 muta
461 3283 590 3354 stragula
616 3298 680 3338 mea
704 3283 823 3354 Madvip
847 3285 971 3339 Fickertr'
998 3285 1099 3353 (muta)
1126 3291 1153 3339 et

130 3358 277 3427 Apricelae
296 3357 415 3411 iacentis
435 3355 520 3424 (malo
540 3355 696 3424 stragulam
715 3359 818 3424 meam)
836 3372 904 3411 usus
922 3355 1027 3410 multas
1045 3360 1153 3424 magna

129 3433 194 3484 mea
207 3428 257 3500 Al
278 3427 406 3481 miserius
420 3431 446 3481 A
465 3427 521 3482 ·ior
537 3428 605 3496 culp.
625 3426 635 3497 ll
659 3425 695 3481 24
712 3425 855 3481 maniculo
870 3432 896 3482 A
914 3428 986 3495 qaod
1004 3427 1153 3483 tenendum

165 3517 184 3549 ’4
198 3516 258 3556 non
270 3499 351 3571 saepit
369 3498 543 3566 Wt'lffls'aum
556 3499 640 3554 Aret.
654 3497 675 3564 s.
691 3499 708 3553 l.
724 3498 758 3552 L.
774 3499 842 3552 XII
852 3514 883 3567 p.
898 3501 935 3554 20
