2438 3846
146 140 212 206 302
349 137 380 193 c.
394 136 537 192 Annam
555 135 720 192 samona
738 133 965 193 nnuman

146 283 288 349 amicitia
310 284 471 367 capitalis,
494 283 615 350 nullius
638 287 827 367 sumptuosa
850 282 1040 348 observatio.
1084 282 1168 348 feros

147 394 186 438 ex
208 372 287 456 illis,
311 372 467 457 quidquid
485 374 589 456 roles3
611 394 669 458 per
687 372 761 437 illos
780 393 847 436 non
864 372 975 456 stabit,
994 371 1167 456 quominus

110 478 126 527 a
145 462 321 547 plurimum
341 465 510 546 quantum,
532 482 603 542 cum
624 461 780 546 coeperis,
798 459 935 526 haurias.
973 481 1056 544 quae
1074 461 1168 526 illum

146 551 296 634 felicitas,
315 573 413 635 quam
431 550 567 636 pulchra
585 554 731 616 senectus
748 552 868 633 manet,
883 550 940 635 qui
954 571 988 615 se
1001 550 1037 614 in
1049 549 1167 615 horum

146 640 327 706 clientelam
355 640 506 706 contulit!
551 639 697 724 habebit,
724 661 798 704 cum
823 639 939 722 quibus
962 638 1002 705 de
1024 639 1167 705 minimis
1195 658 1206 699 a

146 730 358 813 maximisque
376 730 471 795 rebus
490 727 656 813 deliberet,
675 750 756 813 quos
775 728 814 793 de
830 749 864 793 se
879 728 996 794 cotidie
1010 729 1166 812 consulat,

146 840 165 882 a
188 818 304 903 quibus
328 817 438 883 audiat
459 839 571 884 rerum
594 818 663 883 sino
686 817 895 901 contumelia,
921 817 1071 882 laudetur
1098 818 1166 883 sine

110 923 126 972 a
145 907 343 991 adulatione,
366 907 406 972 ad
429 929 567 992 quorum
586 927 621 972 se
639 905 883 973 similitudinem
902 905 1045 992 effingat.
1086 907 1166 972 sole-

145 1017 223 1077 mus
240 996 345 1062 dicere
364 1018 432 1063 non
449 997 548 1063 fuisso
566 997 601 1060 in
619 1000 730 1064 nostra
747 999 920 1080 potestate,
939 1015 1020 1079 quos
1039 994 1166 1071 sortire-

145 1107 218 1151 mur
247 1089 409 1171 parentes,
438 1085 523 1152 forte
552 1085 737 1151 hominibus
767 1084 873 1151 datos:
909 1085 1002 1150 nobis
1025 1106 1102 1149 vero
1127 1085 1166 1150 ad
1182 1105 1205 1145 ro

144 1178 291 1240 nostrum
314 1174 483 1240 arbitrium
505 1175 595 1240 nasci
616 1176 701 1240 licet.
746 1174 1022 1240 nobilissimorum
1044 1172 1167 1260 ingeni-

145 1285 238 1329 orum
261 1262 403 1328 familiae
425 1267 514 1329 sunt:
544 1264 626 1350 elige
649 1265 684 1328 in
707 1285 804 1351 quam
827 1264 962 1329 adscisci
984 1262 1078 1348 velis3
1101 1283 1169 1328 non-

145 1352 180 1416 in
202 1373 320 1418 nomen
341 1356 469 1418 tantum
492 1351 708 1437 adoptaboris,
736 1352 848 1418 sedin
871 1354 942 1437 ipsa
963 1353 1062 1437 bona,
1085 1373 1166 1437 quae

145 1463 212 1506 non
243 1445 337 1506 erunt
368 1441 495 1508 sordide
526 1464 586 1507 noc
618 1442 758 1528 maligne
791 1440 1012 1508 custodienda:
1044 1442 1167 1507 maiora

110 1530 236 1614 sfient,
267 1552 331 1615 quo
362 1532 419 1606 illa
447 1531 595 1617 pluribus
626 1531 780 1596 diviseris.
825 1530 862 1596 hi
888 1531 949 1596 tibi
977 1531 1099 1596 dabunt
1127 1531 1167 1596 ad
1184 1549 1207 1591 u

146 1619 367 1685 aeternitatem
397 1620 458 1690 iter
485 1625 518 1686 et
540 1624 572 1686 te
594 1620 629 1684 in
652 1621 745 1686 illum
767 1621 889 1705 locum,
919 1642 958 1686 ex
981 1641 1046 1704 quo
1070 1642 1166 1686 nomo

146 1708 293 1792 deicitur,
317 1709 537 1784 sublevabunt.
580 1708 662 1776 haec
684 1721 749 1775 'una
771 1710 853 1775 ratio
877 1712 926 1775 est
949 1709 1166 1775 extendendae

145 1797 365 1880 mortalitatis,
394 1799 494 1863 immo
524 1799 560 1865 icc
587 1798 863 1864 immortalitatem
885 1798 1063 1864 vertendae.
1110 1799 1167 1864 ho·

145 1908 254 1969 noros,
276 1888 485 1971 monimenta,
510 1887 667 1971 quidquid
690 1892 747 1954 aut
765 1887 900 1954 decretis
919 1887 1053 1954 ambitio
1073 1886 1167 1954 iussit

145 1978 202 2040 aut
224 1976 373 2059 operibus
397 1977 551 2060 extruxit,
580 1977 645 2042 cito
670 1977 848 2062 subruitur,
872 1975 957 2042 nihil
978 1997 1045 2042 non
1067 1977 1167 2063 longa
1184 1996 1208 2036 ao

146 2063 317 2129 demolitur
343 2068 485 2130 vetustas
514 2069 546 2130 et
573 2070 695 2150 movet3
725 2070 759 2131 at
781 2066 834 2149 iis,
862 2086 944 2150 quae
968 2067 1167 2131 consecravit

146 2152 313 2237 sapientia,
332 2174 446 2219 nocere
464 2175 531 2218 non
549 2159 671 2238 potest3
688 2155 780 2219 nulla
797 2154 939 2220 abolebit
957 2157 1059 2237 aetas,
1076 2155 1168 2219 nulla

145 2241 321 2327 deminuet3
350 2262 485 2326 sequens
516 2264 555 2310 ac
584 2243 697 2309 deinde
727 2256 853 2329 sempor
881 2243 1016 2309 ulterior
1042 2243 1166 2329 aliquid

145 2330 185 2396 ad
214 2331 452 2396 venerationem
482 2332 638 2417 conferet,
666 2334 820 2417 quoniam
848 2333 978 2417 quidem
1000 2333 1036 2397 in
1057 2333 1165 2399 vicino

144 2423 289 2486 versatur
328 2421 463 2506 invidia,
484 2508 486 2510 v
504 2422 683 2508 simplicius
723 2424 821 2509 longo
860 2423 967 2508 posita
1002 2422 1165 2487 miramur.
1184 2440 1209 2483 ro

109 2509 297 2593 osapiontis
321 2531 397 2597 ergo
422 2507 561 2576 multum
584 2514 674 2596 patet
696 2512 776 2596 vita,
799 2533 866 2576 non
888 2512 974 2578 idem
996 2512 1090 2577 illurn
1110 2512 1167 2597 qui

144 2603 268 2664 ceteros
289 2600 444 2665 terminus
469 2601 583 2666 cludit:
616 2602 703 2667 solus
732 2602 857 2687 generis
883 2601 1017 2666 humani
1038 2601 1166 2688 legibus

144 2688 294 2773 solvitur,
326 2690 434 2757 omnia
463 2690 513 2755 illi
542 2691 669 2757 saecula
699 2693 736 2755 ut
763 2690 822 2756 deo
851 2691 1002 2760 serviunt.
1048 2694 1167 2757 transit

233 2864 249 2917 1
265 2865 421 2934 suspiciosa
437 2868 507 2922 coni.
522 2867 660 2923 Erasmus
676 2866 687 2938 Η
704 2865 722 2922 ll
736 2865 889 2936 plurimum
903 2867 1042 2936 quantum
1056 2866 1165 2940 caperis

144 2934 172 2990 A
191 2951 259 2993 corr.
273 2935 376 2992 Voblca
397 2939 535 3006 quantum
554 2937 707 3008 plurimum
726 2938 848 3008 cupieris
863 2938 960 2993 Maret
980 2938 983 3009 Η
1004 2936 1057 2993 illu
1072 2939 1100 2994 A
1118 2939 1167 2994 sed

144 3010 215 3062 uec
232 3022 300 3062 corr.
323 3007 334 3080 ΗΗ
360 3009 375 3063 l
395 3024 523 3079 αρτ-αφ.
542 3010 651 3080 inipso
669 3026 748 3064 casu
766 3009 888 3065 odd.A¹
912 3009 922 3081 Η
946 3009 983 3064 10
1002 3008 1166 3065 hominibus

144 3078 244 3146 scripsi
260 3076 342 3132 nobis
360 3080 389 3135 A
408 3078 490 3134 nobis
510 3080 603 3137 datos:
627 3079 808 3135 nascentibus
826 3096 892 3136 vero
916 3081 945 3150 (i.
960 3097 982 3136 c.
1002 3079 1040 3135 ad
1057 3084 1166 3150 rerum)

144 3148 279 3204 Schultess
303 3148 316 3232 ΗΗ
342 3148 376 3204 ll
402 3149 579 3221 ingeniorum
604 3168 625 3207 a.
644 3169 668 3206 o.
688 3152 753 3208 add.
774 3150 816 3207 A⁸
839 3150 850 3223 Η
876 3150 913 3206 15
938 3150 1084 3221 apluribus
1106 3153 1134 3208 A
1156 3152 1168 3225 Η

145 3219 180 3275 18
198 3219 381 3275 mortalrtatis
400 3221 485 3276 immo
499 3222 542 3278 A¹
559 3221 815 3278 mortalitatissirno
833 3221 876 3279 A¹
903 3222 906 3295 Η
934 3223 965 3278 in
985 3222 1049 3278 add.
1068 3223 1137 3296 ooly.
1157 3232 1168 3288 ΙΙ

144 3288 178 3344 21
188 3292 319 3347 mouctA
328 3291 439 3348 mordet
446 3293 566 3364 Madoip
575 3294 863 3364 dimovethseabcrp
873 3295 1168 3368 amovetPAE'MmmU

144 3360 180 3416 22
196 3377 298 3417 nocere
312 3363 340 3418 A
359 3364 426 3434 (scil.
440 3367 577 3434 vetustas)
595 3366 691 3421 noceri
708 3365 806 3490 υοὶρΗΗ
827 3364 864 3421 24
882 3363 1039 3420 conierets
1057 3364 1168 3421 confert

144 3434 172 3487 A
189 3432 200 3505 Η
217 3432 252 3488 27
270 3432 382 3504 legibus
399 3436 467 3505 aolp.
487 3435 592 3491 lesibus
606 3438 634 3491 A
649 3437 661 3521 Η
679 3435 714 3491 28
732 3440 766 3491 ut
804 3453 837 3492 eo
855 3453 889 3493 ec
906 3435 991 3492 uideo
1009 3452 1078 3495 corr.
1092 3438 1125 3494 ic
1137 3439 1167 3494 A

132 3519 168 3558 m.
184 3506 324 3566 recentior
340 3506 348 3580 Η
369 3507 473 3563 transit
488 3507 529 3565 A¹
546 3507 672 3564 transiht
689 3508 726 3564 ol.
741 3526 775 3563 m.
790 3525 860 3567 corr.
