2438 3846
113 134 157 200 92
309 129 497 186 niumm
515 129 680 187 saracin
698 129 793 186 oris.
808 130 876 185 nm.
890 129 937 186 iv.

78 277 308 343 erestiterunt.
353 276 451 362 longe
478 276 589 361 itaque
616 277 656 342 ab
682 277 904 342 adsentatione
926 276 1065 362 pueritia
1086 299 1134 342 re

113 366 272 449 movenda
295 368 357 432 est:
379 365 489 431 audiat
511 387 631 432 verum.
674 369 706 431 et
728 365 841 432 timeat
863 366 1007 450 interim,
1028 387 1135 432 verea-

113 459 168 522 tur
190 476 328 541 semper,
352 454 528 521 maioribus
551 455 712 541 adsurgat.
751 454 834 520 nihil
856 474 915 540 per
936 454 1134 521 iracundiam

114 549 237 611 exoret:
270 544 357 630 quod
386 544 478 610 flenti
506 547 661 631 negatum
689 543 802 627 fuerit,
833 543 943 629 quieto
973 545 1134 610 offeratur.

114 638 147 701 et
169 633 297 699 divitias
319 634 502 719 parentium
525 633 561 698 in
583 638 758 717 conspectu
777 633 910 717 habeat,
927 655 993 700 non
1011 634 1047 699 in
1064 656 1133 700 usu.
1167 654 1179 696 s

80 723 349 808 sexprobrentur
377 723 427 788 illi
456 744 624 808 perperam
653 722 747 789 facta.
792 723 968 808 pertinebit
996 724 1037 788 ad
1066 746 1135 789 rem

114 816 337 898 praeceptores
360 812 631 898 paedagogosque
652 812 760 896 pueris
783 812 927 897 placidos
951 812 1033 878 dari:
1062 835 1135 898 pro·

113 902 209 968 ximis
238 902 418 986 adplicatur
440 923 536 968 omne
559 900 646 986 quod
668 904 815 968 tenerum
839 906 888 967 est
911 905 944 967 et
965 901 1001 967 in
1023 923 1135 967 eorum

115 991 359 1057 similitudinem
390 991 518 1075 crescit3
546 990 710 1056 nutricum
734 994 767 1056 et
788 991 1051 1077 paedagogorum
1073 994 1136 1056 ret

63 1097 97 1146 10
114 1081 217 1146 tulere
240 1102 317 1145 mox
339 1079 592 1146 adulescentium
616 1100 730 1146 mores.
768 1081 854 1164 apud
871 1079 1041 1146 Platonem
1061 1079 1136 1145 edu·
1155 1103 1182 1144 io

115 1174 205 1235 catus
223 1191 305 1255 puer
322 1191 396 1235 cum
416 1169 456 1233 ad
474 1173 622 1253 parentes
635 1170 757 1235 relatus
770 1169 1000 1234 vociferantem
1014 1169 1138 1235 videret

115 1262 254 1344 patrem:
284 1257 493 1342 ‘numquam'
516 1258 623 1342 inquit
646 1258 726 1324 ‘boc
749 1257 835 1342 apud
857 1257 1027 1323 Platonem
1049 1256 1137 1323 vidi’

114 1369 181 1413 non
204 1346 317 1413 dubito
341 1348 421 1431 quin
444 1346 539 1412 citius
561 1351 686 1432 patrem
709 1348 860 1413 imitatus
878 1347 922 1413 sit
944 1368 1041 1431 quam
1065 1345 1137 1412 Pla·

64 1454 96 1504 11
115 1440 234 1503 tonem.
280 1437 386 1503 tenuis
416 1439 491 1502 ante
521 1437 630 1502 omnia
656 1437 762 1503 victus
788 1437 830 1503 sit
853 1439 885 1502 et
906 1458 973 1502 uon
996 1437 1138 1522 pretiosa

114 1526 214 1593 vestis
237 1530 270 1592 et
292 1525 407 1591 similis
430 1526 536 1592 cultus
560 1547 634 1592 cum
658 1525 859 1611 aequalibus:
887 1547 955 1591 non
981 1526 1138 1592 irascetur
1156 1548 1182 1591 ss

116 1616 256 1700 aliquem
287 1615 349 1681 sibi
379 1615 557 1701 comparari
586 1637 682 1700 quem
710 1615 751 1680 ab
774 1614 867 1680 initio
891 1615 1002 1680 multis
1026 1636 1136 1700 parem

114 1705 237 1771 feceris.

82 1830 95 1879 1
205 1810 307 1877 XXII.
345 1809 409 1877 Sed
435 1811 516 1877 haec
543 1809 583 1876 ad
610 1811 729 1878 liberos
752 1815 880 1876 nostros
903 1811 1080 1896 pertinent3
1102 1811 1137 1877 in

115 1901 210 1967 nobis
234 1901 363 1986 quidem
387 1922 457 1967 sors
475 1900 627 1966 nascendi
645 1904 679 1966 et
696 1900 843 1966 educatio
861 1920 922 1966 uec
939 1900 1012 1965 vitii
1028 1901 1137 1966 locum

116 2013 176 2056 nec
207 1990 271 2055 iam
304 1989 467 2075 praecepti
499 1989 610 2055 habet:
646 1989 813 2074 sequentia
846 1988 1022 2055 ordinanda
1053 1994 1137 2055 sunt
1156 2018 1183 2060 re

81 2085 230 2146 econtra
258 2080 378 2164 primas
408 2080 518 2164 itaque
545 2099 656 2144 causas
684 2100 828 2165 pugnare
852 2078 1019 2161 debemus3
1042 2099 1139 2144 causa

117 2174 225 2235 autem
257 2168 440 2234 iracundiae
474 2168 583 2252 opinio
615 2167 751 2233 iniuriae
781 2171 842 2251 est,
875 2168 928 2233 cui
955 2190 1022 2234 non
1043 2167 1138 2234 facile

117 2258 310 2325 credendum
325 2261 382 2323 est.
418 2280 459 2322 ne
478 2257 597 2343 apertis
616 2256 746 2341 quidem
765 2257 1008 2341 manifestisque
1028 2256 1137 2322 statim

117 2348 348 2431 accedendum3
374 2346 530 2431 quaedam
554 2346 639 2412 enim
663 2346 745 2412 falsa
767 2346 835 2412 veri
858 2346 997 2431 speciem
1020 2345 1137 2412 ierunt.

82 2454 98 2502 3
118 2436 259 2502 dandum
282 2458 409 2521 semper
431 2440 480 2502 est
502 2439 643 2521 tempus:
666 2436 834 2501 veritatem
858 2435 925 2501 dies
949 2436 1061 2521 aperit.
1097 2458 1138 2501 ue
1151 2464 1183 2506 es

118 2527 184 2592 sint
206 2546 298 2591 aures
321 2525 567 2592 criminantibus
590 2525 713 2591 faciles:
736 2524 800 2591 hoc
822 2527 983 2590 humanae
1005 2529 1138 2591 naturae

117 2615 234 2680 vitium
257 2618 443 2699 suspectum
464 2618 644 2698 notumque
665 2613 760 2679 nobis
784 2613 840 2698 sit,
863 2613 964 2699 quod,
987 2635 1068 2699 quae
1090 2614 1139 2679 in-

118 2704 178 2769 viti
210 2703 371 2786 audimus,
399 2703 538 2769 libenter
564 2703 723 2769 credimus
752 2706 797 2786 et,
825 2706 998 2785 antequam
1020 2702 1138 2768 indice-

82 2809 204 2876 umus,
227 2791 402 2857 irascimur.
449 2792 541 2876 quid,
563 2792 650 2877 quod
677 2813 743 2857 non
769 2790 1046 2857 criminationibus
1069 2795 1138 2857 tan-

208 3002 224 3057 l
239 3002 404 3058 restiterunt
416 3004 477 3059 AL
495 3002 651 3058 restiterint
663 3001 758 3128 volup
962 3071 968 3084 .

118 3092 152 3156 l·
167 3072 695 3215 emin
707 3072 744 3199 l
758 3071 1019 3216 edessen
1039 3073 1139 3197 se}

117 3159 198 3271 diist
220 3217 255 3300 A·
276 3215 389 3300 audiret
416 3217 454 3271 H.
474 3215 630 3286 Stephanus
655 3216 666 3289 l!
692 3215 728 3272 14
752 3215 791 3270 sit
814 3216 859 3271 bic
884 3214 948 3270 add.
970 3215 998 3270 R
1054 3215 1103 3284 opt
1128 3214 1139 3286 ΙΙ

118 3287 153 3343 19
176 3287 296 3343 convicii
319 3286 412 3343 locum
437 3290 507 3353 coci.
528 3289 651 3344 Karsten
674 3287 685 3361 ΙΙ
710 3286 747 3343 20
772 3288 920 3358 sequentia
939 3287 1138 3356 <tempora>

123 3360 285 3433 Weecssberp
297 3360 358 3417 coll.
372 3375 431 3431 cap.
448 3363 518 3427 18,1
536 3360 546 3433 Η
563 3358 600 3416 24
613 3359 809 3416 adcedendum
822 3361 851 3415 A
868 3359 879 3432 ll
895 3359 930 3415 27
945 3360 1099 3429 notumque
1109 3360 1138 3414 A

106 3433 304 3565 Jffimmjm
333 3431 416 3489 Gertz
447 3432 618 3503 cautumque
646 3434 770 3489 Karsten
803 3431 807 3503 Ι
841 3431 930 3502 quod,
963 3446 1037 3500 quae
1068 3431 1137 3501 scip.

186 3521 222 3569 qi

756 3001 760 3074 l
776 3000 926 3056 badsnrat
939 3002 977 3066 A,
991 3017 1059 3057 corr.
1073 3002 1137 3069 sort.
