2438 3846
339 209 389 264 DE
408 209 473 264 IRA
491 209 559 264 LIB.
574 209 608 264 11.
642 208 720 271 CAP.
734 214 777 265 25.
793 215 835 264 26.
851 214 884 264 27
1084 210 1127 277 95

98 355 202 439 sitim,
225 355 282 440 qui
305 376 406 439 puero
430 355 515 419 male
538 354 675 419 diluenti
697 354 806 419 nivem
829 353 1001 419 irascitur?
1036 354 1128 419 nulla

97 445 208 530 itaque
231 465 283 510 res
306 444 410 530 magis
433 443 634 509 iracundiam
658 443 717 508 alit
740 464 837 526 qnam
859 443 990 509 luxuria
1011 442 1128 508 intom-

98 555 215 619 perans
246 537 280 598 et
308 533 483 617 inpatiens:
521 533 599 598 dure
629 532 816 598 tractandus
844 532 971 598 animus
1000 535 1062 617 est,
1090 535 1128 597 ut

97 625 201 690 ictum
224 643 292 687 non
314 621 434 687 sentiat
456 621 520 686 nisi
543 642 684 707 gravem.

67 732 80 774 ι
188 709 307 776 XXVI.
344 709 519 776 Irascimur
547 714 605 776 aut
634 710 689 793 iis,
718 734 738 775 a
767 709 886 794 quibus
913 731 955 775 ne
982 709 1161 793 acciperet

99 800 231 885 quidem
258 800 425 883 potuimus
453 798 619 882 iniuriam,
641 803 698 864 aut
720 798 776 882 iis,
797 821 817 863 a
841 798 959 883 quibus
983 798 1128 882 accipere

98 889 250 955 iniuriam
278 889 453 973 potuimus.
500 910 540 953 ex
567 888 730 972 prioribus
756 888 915 971 quaedam
938 886 1007 953 sine
1031 905 1163 954 sensus

99 982 188 1062 sunt,
221 982 259 1043 ut
289 977 386 1061 liber,
418 999 515 1061 quem
552 977 783 1042 minutioribus
818 976 937 1042 litteris
970 976 1128 1060 scriptum

99 1088 195 1151 saepe
225 1067 420 1151 proiecimus
448 1071 481 1132 et
508 1066 701 1132 mendosum
723 1066 950 1149 laceravimus,
973 1070 1011 1131 nt
1033 1066 1129 1132 vesti·

54 1178 80 1218 ro
99 1160 223 1240 menta,
256 1177 352 1240 quae,
384 1156 461 1240 quia
493 1156 722 1239 displicebant,
753 1155 921 1220 scidimns:
953 1154 1005 1220 his
1032 1154 1129 1220 irasci

100 1266 199 1329 quam
222 1247 360 1310 stultum
388 1248 452 1328 est,
479 1266 561 1329 qnae
584 1245 666 1308 irem
688 1246 835 1309 nostram
857 1265 918 1309 nec
941 1248 1129 1310 meruerunt

99 1355 160 1400 nec
191 1335 349 1399 sentiunt!
403 1333 474 1398 ‘sed
508 1332 676 1398 offendunt
707 1353 767 1397 nos
799 1333 951 1398 videlicet
984 1335 1041 1417 qui
1072 1333 1163 1398 illas

99 1423 267 1491 fecerunt?
312 1423 455 1507 primum
485 1443 581 1505 saepe
608 1426 782 1506 antequam
809 1421 874 1488 hoc
897 1425 978 1505 aput
999 1443 1059 1487 nos
1083 1422 1129 1486 di-

100 1512 304 1599 stinguamus
339 1511 516 1577 irascimur.
572 1511 687 1576 deinde
722 1511 861 1577 fortasse
898 1510 962 1595 ipsi
999 1532 1129 1595 quoque

55 1622 81 1664 ιι
100 1601 240 1666 artifices
264 1601 487 1667 excusationes
511 1601 613 1666 iustas
637 1601 784 1665 afferent:
824 1601 907 1665 alius
930 1621 998 1665 non
1021 1599 1130 1683 potuit

100 1691 216 1755 melius
246 1689 352 1756 facere
382 1711 481 1773 quam
510 1688 602 1772 fecit,
628 1709 689 1754 nec
716 1689 758 1754 ad
782 1693 873 1754 tuam
897 1687 1128 1754 contumeliam

100 1802 216 1863 parum
239 1779 365 1862 didicit3
388 1780 471 1843 alius
494 1801 562 1844 non
584 1779 620 1842 in
642 1777 705 1844 hoc
728 1782 766 1843 ut
788 1782 821 1843 te
845 1778 1023 1844 offenderet
1041 1778 1128 1844 fecit.

101 1868 142 1934 ad
160 1868 313 1933 ultimum
333 1868 411 1952 quid
430 1873 480 1933 est
498 1867 680 1934 dementius
700 1888 798 1951 quam
817 1867 916 1933 bilem
931 1867 967 1932 in
979 1866 1128 1932 homines

102 1958 272 2023 collectam
304 1957 339 2022 in
370 1979 421 2022 res
454 1955 640 2022 effimdere?
689 1956 781 2041 atqui
808 1961 847 2022 ut
873 1956 925 2021 his
953 1956 1048 2022 irasci
1077 1956 1165 2022 de·4

56 2067 83 2108 so
101 2046 219 2110 mentis
250 2050 312 2130 est,
340 2067 422 2129 quae
450 2047 559 2110 anima
587 2049 711 2128 carent,
733 2046 780 2110 sic
802 2046 902 2110 mutis
925 2045 1131 2128 animalibus,

102 2157 185 2219 quae
215 2137 340 2200 nullam
372 2135 524 2199 iniuriam
554 2135 649 2199 nobis
679 2134 818 2217 faciunt,
848 2133 925 2218 quia
951 2135 1035 2199 velle
1062 2156 1130 2199 non

101 2227 253 2309 possunt;
275 2245 343 2289 non
366 2228 416 2289 est
439 2223 525 2289 enim
548 2223 667 2289 iniuria
688 2223 753 2289 nisi
776 2246 796 2288 a
819 2222 955 2288 consilio
974 2223 1129 2308 profecte.

101 2333 217 2377 nocere
246 2313 357 2395 itaque
387 2313 482 2378 nobis
512 2316 651 2397 possunt
673 2316 711 2378 ut
732 2312 855 2378 ferrum
878 2315 936 2377 aut
957 2312 1056 2396 lapis,
1083 2311 1130 2376 in-

100 2401 218 2466 iuriam
242 2401 373 2485 quidem
396 2403 501 2468 facere
524 2424 591 2468 non
614 2406 759 2486 possunt.
797 2401 889 2485 atqui
912 2401 1077 2467 contemni
1095 2417 1165 2467 seo

56 2511 82 2552 as
102 2490 234 2575 quidam
252 2493 384 2576 putant,
403 2491 460 2555 ubi
478 2491 563 2556 idem
584 2491 659 2575 equi
678 2491 893 2575 obsequentes
910 2491 1005 2555 alteri
1019 2489 1131 2574 equiti,

102 2580 196 2644 alteri
224 2584 430 2645 contumaces
459 2584 549 2663 sunt,
571 2583 727 2663 tanquam
749 2579 885 2663 iudicio,
906 2600 975 2644 non
997 2601 1129 2644 consue-

101 2668 215 2733 tudine
234 2674 267 2734 et
285 2672 354 2733 arte
371 2669 532 2735 tractandi
548 2669 706 2753 quaedam
721 2669 915 2752 quibusdam
934 2668 1130 2734 subiectiora

102 2757 176 2822 sint.
214 2758 306 2841 atqui
328 2762 366 2823 ut
388 2757 439 2823 his
462 2758 559 2824 irasci
581 2759 719 2823 stultum
739 2762 801 2842 est,
819 2759 866 2823 ita
883 2757 993 2843 pueris
1013 2761 1046 2823 st
1062 2778 1130 2823 non
1148 2773 1164 2822 o

101 2847 243 2911 multum
263 2870 282 2911 a
299 2869 474 2930 puerorum
492 2847 666 2931 prudentia
684 2847 894 2931 distantibus3
913 2845 1023 2912 omnia
1042 2847 1129 2910 enirn

57 2935 166 3000 roiate
201 2939 335 3019 peccata
372 2940 451 3024 aput
488 2957 628 3020 aequum
664 2935 805 3002 iudicem
843 2957 903 3021 pro
944 2934 1130 3001 innocentia

101 3023 225 3089 habent
247 3024 495 3108 inprudentiam.

192 3112 327 3178 XXVH.
365 3113 529 3191 Quaedam
557 3118 634 3179 sunt
659 3135 742 3198 quae
763 3135 880 3180 nocere
902 3135 970 3180 non
992 3117 1130 3197 possunt
1149 3131 1163 3179 1

101 3202 291 3286 nullamque
314 3202 381 3267 vim
404 3202 468 3268 nisi
491 3203 669 3268 beneficam
688 3207 722 3269 et
739 3204 913 3268 salutarem
936 3202 1072 3286 habent,
1092 3207 1129 3269 ut

193 3359 229 3414 18
248 3359 335 3414 bilem
352 3359 382 3426 (b
401 3378 435 3415 ar
453 3377 473 3413 u
490 3361 545 3415 vid.
560 3362 641 3430 corr.)
655 3361 684 3416 A
707 3359 718 3433 ll
743 3359 778 3415 19
801 3358 882 3428 atqui
900 3376 969 3415 corr.
988 3376 1023 3414 eo
1041 3359 1128 3429 adqui

103 3432 180 3486 A²·²
195 3434 269 3500 (item
282 3449 306 3487 o.
320 3434 367 3501 24)
386 3432 432 3487 tic
443 3438 469 3487 et
481 3449 506 3487 v.
520 3436 558 3488 28
576 3433 663 3500 atque
677 3432 787 3487 molant
805 3432 968 3502 Wescabcrp
982 3437 1009 3486 et
1023 3430 1106 3486 Gorts
1118 3430 1129 3502 Η

101 3501 139 3558 25
158 3501 344 3572 obsequentes
358 3504 387 3559 A
405 3502 452 3571 (ob
470 3505 503 3558 in
520 3520 576 3559 ras.
591 3505 659 3558 m.5
678 3519 733 3574 pro
750 3504 816 3572 post
832 3508 866 3557 ut
881 3503 957 3570 ctdq
975 3500 1058 3570 W*
1069 3516 1142 3563 uca-

103 3575 170 3628 sont
189 3574 215 3628 L
234 3581 260 3631 et
277 3575 344 3646 oolp.
364 3574 477 3646 possint
490 3575 520 3633 A
536 3575 654 3648 possint
672 3583 699 3635 et
710 3573 852 3632 babeant
869 3572 961 3628 Gerus
